2760 4110
86 145 183 203 XXII
578 153 791 203 PRAEFATIO.

88 314 243 376 ruvianus
259 311 346 374 idem
362 318 419 393 est,
437 331 533 395 quem
549 332 635 372 nunc
652 308 844 372 Toletanum
859 307 1089 394 nominamus);
1105 309 1288 374 Vaticanus

87 439 194 501 neque
218 439 292 479 cum
306 421 338 474 V
353 436 459 499 neque
483 436 590 487 cumo
604 411 662 499 (D)
686 414 813 476 omnino
837 415 1003 496 consentit,
1027 415 1053 476 si
1072 412 1169 477 modo
1196 414 1286 478 colla-

87 523 164 584 tioni
188 519 393 584 Schottianae
416 517 497 582 fides
520 517 672 582 habenda
695 527 751 582 est.
779 516 1081 602 Augustodunensis
1112 518 1170 582 ubi
1202 541 1287 583 nuno

88 624 287 705 adservetur,
326 624 448 687 nescio:
486 621 714 706 Augustoduni
752 623 816 684 iam
854 644 917 685 non
952 620 1081 685 videtur
1120 645 1209 705 esse3
1248 622 1285 686 cf.

87 729 214 792 Lettres
233 728 410 810 franqaises
433 726 568 790 ineditos
585 725 626 789 de
640 725 764 811 Lloseph
788 724 942 810 Scaliger,
965 725 1111 810 publices
1136 737 1169 790 et
1193 749 1286 790 anno·

85 836 154 896 teos
177 855 236 917 par
258 830 316 895 Ph.
341 831 379 895 T.
404 830 445 894 de
469 831 636 916 Larroque
659 828 770 916 (Agen
794 840 826 894 et
847 831 938 893 Paris
964 829 1062 917 1879)
1085 854 1115 916 p.
1140 831 1218 896 245.

188 937 227 1000 ln
257 958 359 1020 genus
391 958 429 999 ac
460 938 591 1020 stirpem
622 944 771 1020 quattuor
801 934 914 998 horum
945 934 1092 998 codicum
1123 937 1179 1020 qui
1211 958 1286 1000 sane

87 1040 231 1105 sollerter
246 1042 408 1126 inquisivit
422 1040 462 1104 A.
480 1039 632 1126 Hoefig¹)
654 1062 724 1104 rem
747 1062 810 1102 non
832 1041 877 1102 ita
900 1039 1046 1122 absolvit,
1070 1049 1106 1102 ut
1128 1042 1287 1104 sententia

88 1147 155 1209 eius
191 1145 320 1230 probari
354 1147 461 1230 possit.
501 1167 544 1208 ex
574 1166 637 1207 uno
671 1166 780 1207 omnes
815 1143 883 1206 illos
915 1143 1090 1229 archetypa
1121 1154 1286 1229 tamquam

87 1251 174 1313 fonte
203 1249 316 1312 ductos
344 1271 413 1313 esse
442 1249 536 1311 certis
569 1247 621 1310 ille
655 1247 785 1332 quidem
816 1249 1012 1331 argumentis
1041 1246 1287 1329 demonstravit3

90 1353 148 1418 sed
172 1376 255 1438 quae
286 1355 368 1416 inter
396 1351 537 1436 singulos
560 1354 735 1416 necessitas
757 1351 982 1434 intercederet,
1010 1375 1052 1415 cx
1074 1354 1183 1436 variis,
1209 1375 1288 1438 quas

89 1457 238 1522 Schottus
269 1459 445 1541 proposuit,
475 1456 600 1519 iHorum
630 1456 784 1520 librorum
815 1458 979 1541 scripturis
1009 1458 1194 1540 perspicere
1227 1479 1288 1521 non

12 1605 14 1611 >
87 1563 196 1646 potuit.
226 1583 331 1645 neque
360 1562 444 1624 enim
472 1563 548 1624 satis
575 1561 694 1624 multae
723 1583 780 1624 cae
808 1571 881 1624 sunt
909 1571 941 1624 et
963 1563 1147 1646 saepissime
1177 1571 1288 1624 carent

86 1665 162 1748 fide,
186 1664 219 1728 id
236 1663 322 1749 quod
339 1663 503 1728 codicibus
520 1673 546 1726 Τ
563 1673 594 1727 et
610 1674 657 1728 Br
679 1666 829 1748 inspectis
854 1687 938 1728 nunc
955 1687 1012 1750 pro
1030 1676 1116 1728 certo
1132 1664 1287 1728 affirmari

87 1768 205 1855 licet2).
228 1792 270 1832 ex
287 1768 408 1833 Schotti
424 1769 581 1833 Vaticano
606 1769 776 1832 editionem
798 1769 978 1833 Romanam
994 1790 1184 1853 expressam
1208 1792 1287 1851 esse,

88 1873 123 1937 id
139 1872 225 1958 quod
241 1873 409 1956 Hoefigius
425 1875 542 1956 statuit,
565 1883 601 1936 ut
624 1872 777 1936 credibile
794 1884 850 1955 est,
871 1875 914 1936 ita
930 1875 1100 1954 ineertum3
1124 1896 1213 1956 nam,
1231 1874 1287 1937 nisi

90 1979 196 2042 omnia
223 1977 346 2059 fallunt,
377 1978 403 2040 is
433 1976 515 2040 liber
546 1999 587 2039 cx
619 1976 733 2040 eodem
764 1976 875 2039 codice
902 1975 969 2062 (xl)
997 1978 1153 2060 originem
1185 1976 1286 2058 duxit,

91 2104 133 2144 ex
161 2104 222 2166 quo
246 2083 291 2141 V²
319 2091 350 2144 ot
371 2105 399 2144 υ.
431 2080 757 2165 Augustodunensem
789 2082 928 2144 omnium
956 2080 1164 2144 deterrimum
1191 2081 1288 2145 fuisse

91 2185 240 2250 Schottus
264 2194 295 2248 et
317 2184 484 2269 Hocfigins
509 2187 717 2248 consentiunt.

192 2288 328 2352 Librum
344 2288 602 2370 Aurelianum,
625 2291 678 2374 qui
695 2313 714 2352 a
731 2289 891 2354 Gronovio
909 2298 940 2351 ct
956 2287 1153 2372 Schultingio
1170 2292 1288 2374 passim

90 2392 1286 2479 laudatur,nullumessc,hocreoteetsagaciteridemHoefigiusperspexit,

197 2496 244 2560 10.
254 2505 282 2558 Ε
293 2525 333 2552 =
344 2499 631 2561 controversiarum
640 2507 803 2581 excerpta,
814 2520 897 2581 quac
910 2499 963 2581 qui
976 2495 1103 2559 saeculo
1115 2497 1184 2560 IIII
1196 2496 1287 2561 velV

93 2601 229 2664 confecit
248 2601 437 2685 plerumque
458 2600 601 2665 Senecae
623 2600 725 2664 verba
743 2603 869 2685 integra
888 2602 1025 2682 retinuit,
1046 2623 1287 2686 nonnumquam

92 2705 145 2767 vcl
172 2705 286 2768 leviter
315 2706 451 2768 mutavit
472 2704 524 2767 vel
547 2726 676 2789 prorsus
705 2707 851 2788 corrupit.
892 2727 1001 2789 quare,
1033 2726 1232 2789 quamquam
1257 2707 1287 2769 in

93 2810 254 2892 excerptis
285 2807 476 2871 adhibendis
507 2819 600 2871 cauto
628 2830 755 2891 semper
784 2807 956 2892 subtilique
986 2808 1102 2872 iudicio
1132 2808 1287 2873 utendum

92 2921 149 2993 cst,
173 2914 335 2974 tamenin
358 2914 406 2994 iis,
434 2934 517 2997 quae
545 2913 732 2995 epitomator
754 2915 888 2997 scripsit,
913 2912 955 2976 ad
984 2912 1137 2976 lectiones
1168 2912 1287 2977 codicis

93 3024 117 3079 0
134 3014 353 3079 emendandas
370 3038 433 3079 non
445 3015 606 3080 mediocre
620 3015 849 3080 adminiculum
863 3019 967 3081 inesse
984 3014 1157 3101 apparet.³)

198 3243 218 3306 ¹)
239 3243 279 3292 ef.
293 3243 406 3292 Arminii
425 3242 543 3308 Hoefigii
562 3240 612 3292 ‘De
631 3243 749 3294 Senecae
773 3244 886 3294 rhetoris
904 3250 1031 3309 quattuor
1050 3243 1189 3294 codicibus
1208 3259 1288 3295 manu

93 3331 199 3394 scriptis
219 3329 383 3379 Schottianis
401 3328 434 3378 ad
453 3329 617 3379 Fridericum
637 3330 767 3379 Haasinm
787 3331 962 3396 professorem
976 3329 1217 3380 Vratislavionaem
1236 3331 1288 3396 cpi·

94 3413 182 3466 stula'.
202 3416 314 3466 Gorlicii
335 3417 409 3466 1858.

200 3503 220 3567 ²)
239 3503 326 3553 Multa
344 3518 381 3565 ae,
400 3505 422 3552 si
440 3504 566 3553 Bursiani
585 3503 729 3554 editionem
749 3507 822 3569 prins
841 3507 967 3567 novisset,
987 3503 1030 3554 vel
1054 3510 1223 3554 narraturum
1247 3503 1288 3554 vel

94 3593 203 3642 omnino
223 3591 390 3640 abiecturum
409 3590 491 3639 fuisse
509 3590 649 3656 Hocfigius
667 3593 724 3656 ipse
742 3591 888 3657 profitetur.

199 3678 219 3742 ³)
237 3676 279 3727 Ad
297 3677 379 3726 verba
392 3676 511 3726 Senecae
530 3679 557 3726 in
576 3678 687 3728 formam
706 3680 838 3744 integram
858 3677 1025 3728 restituenda
1044 3682 1174 3742 quantum
1195 3677 1289 3728 anxilii

96 3781 128 3815 ex
142 3771 165 3814 rt
178 3767 233 3831 peti
247 3770 344 3831 posset,
364 3778 452 3828 neque
465 3771 569 3815 veteres
586 3766 745 3817 intellexere
759 3768 829 3830 (cum
843 3768 897 3815 risu
911 3780 991 3828 nunc,
1004 3770 1034 3814 ut
1047 3780 1130 3814 unum
1143 3766 1290 3828 nominem,
