2760 4110
91 137 233 193 XXVIII
577 150 793 200 PRAEFATIO.

90 305 220 366 mInirna
237 303 366 387 quidem
390 304 546 386 particula
562 306 678 367 omissa
694 306 733 368 sit
756 309 968 390 continuaque
991 305 1171 370 verborum
1194 309 1281 371 series

91 431 133 470 ex
164 430 201 469 eo
229 409 327 491 possit
357 407 527 471 enucleari.
562 410 668 492 itaque
701 411 831 472 minime
862 408 1084 493 neglegendus
1113 432 1187 474 esse
1216 411 1283 475 mibi

89 514 177 574 visus
200 522 257 593 cst,
282 533 478 596 quamquam
492 535 556 575 non
572 512 642 596 plus
659 513 864 577 emolumenti
879 536 921 576 ex
939 536 975 576 eo
995 513 1171 598 redundat,
1196 537 1284 603 quam

90 624 126 678 ut
148 615 267 699 aliquot
289 614 438 699 vulgatae
462 616 650 679 lectionibus
666 619 837 680 auctoritas
854 617 971 681 codicis
992 616 1191 683 adstruatur.
1216 641 1284 683 usus

90 728 197 782 autem
221 728 269 782 est
283 719 435 783 Nicolaus
456 718 497 783 de
520 721 640 784 Trevet
662 719 788 804 Anglus
804 719 1050 806 (1258-1328)
1067 744 1132 785 uno
1148 723 1285 808 quodam

92 823 278 907 exemplari,
296 823 354 886 sed
368 822 529 887 interdum
544 823 587 887 ad
603 824 840 888 emendandam
854 825 908 888 vel
925 824 1180 890 examinandam
1196 830 1286 912 scrip

88 938 195 990 turam
211 926 288 990 alios
305 927 432 990 cedices
448 927 636 1013 adhibuit.1)
658 967 701 974 —
723 929 859 992 Librum
876 929 1008 992 contulit
1021 929 1063 993 H.
1080 929 1112 994 J.
1138 930 1285 994 Miiller.

193 1031 430 1116 Excerptorum
448 1033 575 1096 codices
592 1041 703 1096 extant
717 1032 904 1117 permulta).
929 1035 1070 1096 omnium
1092 1033 1192 1118 longe
1217 1036 1286 1120 opti·

90 1158 160 1199 mus
183 1143 219 1197 Μ
242 1146 299 1217 est,
324 1159 397 1199 eum
412 1136 716 1219 interpolationibus,
742 1136 857 1221 quibus
871 1136 985 1221 reliqui
1001 1147 1135 1220 scatent,
1159 1161 1286 1223 prorsus

195 1329 214 1392 1)
234 1327 379 1376 Nonnullis
398 1327 464 1376 loeis
484 1327 581 1393 duplex
601 1329 732 1393 scriptura
750 1331 886 1394 proposita
905 1335 952 1391 est,
973 1344 1053 1393 quarn
1073 1330 1185 1393 quidem
1205 1333 1285 1396 ipsam

89 1417 117 1462 in
136 1414 283 1479 exemplari
302 1430 350 1462 suo
371 1420 458 1479 potest
477 1416 624 1476 invenisse3
649 1415 795 1465 identidem
818 1421 909 1465 autem
928 1415 1018 1480 plures
1040 1415 1103 1465 libri
1128 1431 1285 1466 commemo·

90 1506 190 1548 rantur.
203 1501 280 1549 velut
293 1502 320 1549 in
333 1501 500 1565 praefatione
513 1501 580 1550 baec
594 1500 733 1566 leguntur:
748 1498 883 1551 ‘numerus
903 1502 1030 1551 librorum
1044 1503 1154 1552 uidetur
1166 1505 1284 1553 senarius

89 1587 236 1635 seeundum
255 1603 301 1636 sex
320 1587 490 1651 prologorum
511 1603 658 1636 numerum.
686 1593 775 1636 tamen
795 1590 824 1636 in
843 1588 979 1652 aliquibus
1002 1589 1077 1638 libris
1100 1589 1284 1654 significantur

91 1673 256 1739 (significant
274 1673 341 1737 cod.)
360 1690 417 1723 vur.
437 1675 464 1722 in
484 1674 620 1738 aliquibus
638 1689 703 1723 uero
724 1692 756 1723 .x.
776 1682 870 1738 quarto
889 1677 917 1724 in
935 1682 988 1724 tres
1007 1683 1034 1725 et
1051 1677 1146 1739 quinto
1164 1677 1284 1726 similiter

90 1762 118 1808 in
137 1767 189 1808 tres
208 1767 316 1825 propter
328 1761 510 1825 prolixitatem
524 1759 638 1822 diuIsIs'3
657 1761 691 1810 ad
709 1767 793 1810 contr.
812 1764 836 1824 8,
850 1766 866 1811 5
880 1762 916 1827 (p.
930 1763 990 1823 366,
1012 1763 1053 1825 13)
1073 1770 1184 1827 epatre
1203 1769 1283 1813 coacto

90 1851 170 1912 recipi
189 1847 261 1911 (sici)
281 1848 445 1898 adnotantur
463 1848 542 1897 haec:
563 1845 657 1912 ‘aliqui
675 1855 766 1898 tamen
785 1849 846 1898 libri
865 1850 978 1898 habent:
997 1851 1049 1898 nisi
1066 1864 1083 1898 a
1095 1855 1173 1914 patre
1191 1856 1282 1900 coacto

89 1951 143 1984 non
162 1932 350 2000 recipiuntur'3
369 1935 404 1984 ad
423 1941 505 1984 contr.
526 1937 550 1997 9,
571 1938 583 1983 1
605 1938 640 2000 (p.
654 1938 714 1997 433,
730 1936 762 2000 1),
783 1952 842 1984 cum
857 1933 1030 2003 piiqfelicitcs
1042 1936 1181 1986 exhibeat:
1193 1933 1283 2001 ‘aliqui

91 2021 152 2069 libri
176 2021 276 2071 habent
299 2022 379 2070 talem
404 2022 560 2072 lectionem:
590 2022 735 2086 redemptas
757 2026 839 2072 cimon
870 2022 1037 2086 redemptoris
1056 2024 1175 2086 felicitas
1197 2030 1227 2074 et
1248 2025 1282 2073 sic

91 2111 237 2173 corrigunt,
257 2109 303 2158 sed
322 2125 423 2171 sensus,
443 2116 473 2158 ut
492 2111 556 2158 mibi
575 2110 690 2170 videtur,
709 2126 764 2158 non
783 2111 821 2159 ita
840 2110 909 2159 bene
922 2111 1047 2174 congruit
1060 2112 1205 2174 praesenti,
1225 2127 1282 2160 cum

89 2198 159 2246 infra
172 2202 257 2245 extra
280 2199 489 2246 controuersiam
519 2203 628 2246 notatur
645 2215 714 2246 socer
736 2199 836 2258 irit'clix,
865 2213 919 2245 non
940 2194 1031 2260 felix'5
1059 2197 1093 2246 ad
1116 2203 1201 2247 contr.
1227 2201 1281 2260 3,1

89 2283 124 2348 (p.
138 2285 198 2343 435,
215 2283 270 2346 11):
291 2280 383 2346 ‘aliqui
402 2284 464 2332 libri
483 2284 583 2333 babent
601 2287 683 2333 abicio
702 2286 718 2332 i.
733 2299 755 2333 e.
776 2280 886 2332 oinitto’.
908 2311 939 2318 -
954 2285 1101 2332 Bursianus
1119 2301 1144 2348 p.
1159 2285 1280 2334 XVIIII:

89 2367 141 2428 ‘(N.
161 2371 193 2419 de
212 2371 322 2433 Trevet)
346 2370 419 2420 baud
443 2386 528 2436 pauca
556 2388 590 2419 ex
613 2372 723 2420 arbitrio
747 2387 794 2420 suo
819 2373 973 2420 immutasse
996 2367 1124 2432 videtnr’3
1143 2371 1195 2420 boc
1213 2377 1282 2422 recte

90 2457 190 2506 dictum
210 2472 267 2506 esse
286 2474 340 2505 non
359 2464 433 2522 puto,
453 2473 513 2506 cum
537 2473 570 2507 ex
593 2458 707 2506 aliorum
732 2458 860 2507 librorum
884 2459 1083 2522 comparatione
1107 2465 1282 2522 cognoscatur

89 2547 243 2610 scriptorem
264 2545 346 2593 verba
365 2546 422 2593 eius
442 2544 548 2605 codicis,
568 2545 773 2608 premebatur,
793 2545 918 2608 religiose
937 2559 1064 2594 servasse.

193 2632 213 2695 2)
228 2633 260 2679 In
273 2631 438 2680 bibliotheca
449 2632 579 2681 Vaticana
592 2638 719 2694 ‹piattuor
731 2631 919 2692 adservantur3
939 2631 972 2680 cf.
986 2648 1010 2696 p.
1024 2631 1108 2680 XXX.
1124 2659 1155 2667 -
1170 2633 1204 2681 In
1223 2632 1282 2681 Pin-

90 2720 159 2766 ciani
183 2718 215 2767 ad
240 2719 359 2768 Senecae
383 2718 592 2768 declamationes
615 2719 834 2767 adnotationibus
857 2725 979 2768 veterum
1002 2719 1131 2767 librorum
1154 2717 1282 2768 lectiones

89 2811 282 2870 proponuntur,
311 2820 379 2868 quae
406 2806 441 2854 ab
465 2807 506 2865 iis,
534 2821 600 2868 quas
624 2807 676 2854 mei
699 2805 805 2854 codices
833 2806 969 2867 exhibent,
994 2806 1116 2855 diversae
1139 2811 1212 2867 sunt,
1239 2804 1282 2854 sed

90 2893 209 2957 proxime
228 2892 261 2940 ad
287 2893 405 2941 codicem
425 2897 444 2940 Β
462 2893 591 2942 accedere
614 2893 747 2942 videnlur.
768 2921 801 2929 —
825 2893 960 2958 Excerpta
983 2908 1016 2941 ex
1040 2892 1280 2942 declamationibus

89 2980 264 3027 invernuntur
282 2981 310 3027 in
330 2980 466 3029 codicibus
485 2981 624 3030 ParisinIs:
643 2993 670 3049 γ,
684 2995 715 3049 μ,
729 2993 763 3041 π,
777 2995 811 3039 σ;
831 2980 893 3029 bibl.
908 2987 962 3029 nat.
976 2980 1022 3028 lat.
1041 2982 1109 3029 8542
1122 2993 1194 3029 saec.
1214 2980 1280 3029 XIII

87 3065 132 3114 fol.
155 3067 214 3114 184r
232 3081 286 3129 seq.
307 3066 388 3129 (idem
402 3067 486 3117 codex
501 3068 653 3133 catalogum
672 3083 741 3117 saec.
759 3069 814 3118 XII
835 3067 958 3117 coenobii
984 3069 1082 3116 montis
1101 3067 1126 3116 S.
1140 3067 1281 3117 Michaelis

88 3152 204 3213 exhibet,
217 3154 245 3201 in
259 3169 311 3216 quo
325 3150 454 3204 ‘Senecae
466 3155 499 3203 ad
514 3154 648 3204 Nouatum
662 3155 708 3205 lib.
723 3152 742 3202 l'
756 3160 991 3215 commemoratum
1004 3154 1047 3202 hic
1060 3159 1150 3202 utrum
1164 3154 1283 3204 Senecae

87 3241 169 3303 patris
184 3237 412 3290 ‘declamationes'
423 3256 456 3290 an
468 3243 587 3291 Senecae
597 3241 645 3290 filii
658 3242 739 3290 libros
752 3242 785 3290 de
795 3243 834 3290 ira
844 3242 1015 3301 continuerit,
1026 3256 1079 3289 non
1090 3239 1282 3313 liquetipbibl.

88 3334 142 3375 nat.
155 3327 200 3375 lat.
214 3328 297 3376 16730
307 3342 375 3376 saec.
386 3328 456 3376 XIII
467 3328 512 3377 fol.
526 3330 585 3376 148¹
595 3344 648 3392 seq.
661 3330 793 3391 (continet
803 3328 982 3392 praefationes
992 3327 1119 3376 librorum
1127 3326 1148 3388 1,
1159 3328 1214 3390 111,
1225 3327 1282 3377 IIII

88 3415 213 3477 integras,
227 3413 354 3462 librorum
366 3415 394 3462 11
410 3421 436 3463 et
449 3415 502 3463 Vll
513 3416 689 3478 decurtatas)3
703 3415 766 3464 bibl.
779 3421 832 3464 nat.
848 3415 892 3464 lat.
906 3417 988 3463 17903
1002 3429 1071 3462 saec.
1086 3415 1156 3463 XIII
1166 3414 1213 3464 fol.
1228 3417 1284 3463 126¹

88 3515 143 3564 seq.
150 3519 156 3557 ;
164 3500 290 3550 bibinat.
298 3501 343 3550 lat.
353 3503 435 3550 18531
442 3502 516 3564 (olim
523 3502 740 3552 Nostradamensi
749 3504 817 3566 188).
826 3530 856 3539 -
864 3504 938 3551 Inter
946 3502 1051 3551 codices
1058 3501 1283 3565 Guelferbytanos

88 3589 208 3651 quinque
227 3597 297 3647 sunt,
317 3590 363 3652 qui
382 3596 509 3653 excerpta
528 3591 646 3639 Senecae
664 3590 778 3638 rhetoris
797 3589 936 3639 exhihent:
956 3589 1008 3636 duo
1028 3603 1096 3636 saec.
1117 3589 1172 3638 XII
1196 3591 1250 3653 (12,
1268 3590 1283 3636 6

88 3691 135 3722 ms.
155 3675 222 3739 Aug.
242 3678 258 3723 4
277 3682 304 3723 et
323 3674 392 3724 Gud.
415 3677 483 3738 168),
502 3692 571 3724 unus
590 3690 659 3725 saec.
679 3677 763 3725 XIIII
778 3675 857 3739 (eud.
880 3677 930 3737 10),
949 3676 1002 3724 duo
1021 3689 1090 3724 saec.
1109 3673 1159 3723 XV
1178 3675 1232 3739 (44,
1251 3677 1283 3724 te

89 3778 133 3808 ms.
153 3761 220 3826 Aug.
240 3762 285 3810 iol.
306 3768 333 3810 et
352 3762 465 3812 Hehnst.
485 3763 560 3827 373);
579 3768 718 3827 praeterea
736 3759 846 3811 ‘scholia
864 3764 892 3811 in
905 3761 1132 3812 declamationum
1151 3761 1235 3812 libros
1252 3758 1282 3811 X'
