2760 4110
136 143 301 202 XXXIIH
624 153 842 205 PRAEFATIO.

137 333 210 375 cum
234 332 344 375 eorum
367 311 400 373 in
421 309 521 374 rebus
544 308 798 393 orthographicis
821 329 951 392 prorsus
974 305 1062 371 nulla
1085 308 1124 370 sit
1147 308 1328 390 auctoritas,

136 415 218 480 haec
240 415 379 477 varietas
410 413 586 497 scripturae
620 434 684 475 non
714 411 866 476 adnotata
896 409 972 497 est):
1007 412 1072 474 iam
1102 409 1240 475 dubium
1270 432 1329 475 non

137 528 215 602 erat,
239 519 316 604 quin
338 519 371 581 in
393 518 469 602 ipsis
493 517 717 581 controversiis
741 524 772 580 et
794 517 943 579 suasoriis
959 523 1017 577 AB
1032 513 1191 600 sequendi
1214 523 1329 597 essent,

136 624 223 686 etin
254 623 415 706 excerptis
450 623 476 684 si
506 620 640 684 alteram
672 620 817 702 formam,
852 619 886 682 id
917 617 1005 705 quod
1035 641 1099 683 non
1128 619 1203 702 feci,
1235 618 1331 683 admi·
1370 654 1372 717 i

136 728 258 808 sissem,
293 725 421 788 tolerari
453 725 586 788 forsitan
618 725 771 809 potuerit,
807 746 881 787 cum
913 723 992 805 illis,
1024 724 1051 786 si
1084 745 1154 787 rem
1183 744 1330 807 premere

135 830 228 912 velis,
266 852 330 893 non
366 829 507 914 genuina
536 829 697 913 scriptoris
731 827 833 892 verba
874 829 1109 909 contineantur,
1142 826 1203 890 sed
1237 829 1331 911 epito

135 935 263 998 matoris
294 933 364 997 stilo
400 942 584 1016 attrectata3
622 943 655 997 at
685 931 899 1017 praefationes
934 934 1038 1016 ipsam
1071 932 1235 1016 scriptoris
1267 953 1331 995 ora·

134 1039 253 1102 tionem
269 1037 433 1121 exhibent,
449 1060 511 1102 nec
530 1035 844 1100 ferendum'videtur
858 1035 967 1119 fuisse,
990 1038 1017 1099 si
1039 1037 1073 1100 in
1087 1035 1148 1099 illis
1164 1033 1330 1119 quicquid,
1370 1048 1372 1055 '

136 1141 253 1206 deinde
276 1140 440 1227 quidquid
462 1149 632 1204 exaratum
660 1139 830 1223 legeretur.
854 1139 1070 1204 -Similiter
1099 1141 1132 1202 in
1154 1137 1330 1220 vocabulis,

136 1269 218 1332 quae
248 1256 322 1310 sunt
351 1244 461 1309 schola
492 1243 747 1331 (scholasticas),
778 1246 913 1322 schema,
944 1243 1165 1330 archipirata,
1193 1243 1269 1308 libri
1290 1245 1332 1307 ita

134 1352 270 1433 variant,
312 1359 348 1413 ut
378 1371 421 1413 ex
456 1371 567 1413 eorum
600 1351 768 1433 scriptura,
804 1371 902 1434 quam
932 1347 1069 1412 formam
1098 1348 1235 1433 scriptor
1265 1348 1331 1431 ipse

134 1455 285 1538 posuerit,
314 1475 372 1537 pro
408 1462 495 1516 certo
525 1454 621 1516 statui
654 1474 717 1516 non
752 1474 846 1536 posse
884 1451 1024 1516 credam.
1059 1450 1156 1536 paulo
1185 1451 1331 1535 pluribus

134 1556 212 1620 locis
234 1555 322 1619 scola
343 1558 377 1620 in
400 1564 461 1619 cM
484 1566 652 1620 exaratum
668 1566 725 1639 est,
750 1556 809 1619 sed
831 1555 936 1620 nullus
960 1554 1064 1619 codex
1087 1557 1121 1619 in
1135 1554 1239 1618 altera
1261 1564 1330 1619 utra

135 1659 228 1724 huius
250 1659 402 1724 vocabuli
424 1660 526 1724 forma
549 1658 735 1723 exhibenda
750 1659 812 1723 sibi
827 1669 964 1742 constat3
987 1660 1111 1722 schram
1126 1681 1188 1723 nec
1204 1660 1372 1755 saepius

136 1786 196 1827 nec
218 1765 321 1827 rarius
345 1765 498 1848 scriptum
520 1765 682 1827 invenitur
711 1765 745 1828 in
767 1771 829 1826 cM
852 1786 949 1849 quam
978 1785 1095 1843 acema3
1119 1762 1372 1861 archipirata

135 1867 234 1932 multo
203 1877 378 1952 saepius
389 1891 423 1931 in
436 1875 497 1930 ΟΜ
509 1867 681 1931 exhibetur
693 1890 790 1952 quam
806 1868 1011 1952 arcipirata:
1029 1867 1107 1953 quid
1124 1865 1330 1931 faciendum?

137 1970 295 2036 Senecam
318 1970 407 2034 scola
430 1972 607 2036 dixisset
574 1982 607 2036 et
633 1973 798 2056 scripsisse
821 1996 841 2036 a
841 1982 917 2056 tque
943 1972 1082 2037 litteram
1105 1973 1125 2034 h
1148 1995 1168 2035 a
1194 1970 1329 2036 librariis

137 2074 281 2139 additam
316 2097 386 2139 esse
421 2078 491 2161 quis
526 2075 637 2139 dicat?
672 2078 742 2161 quis
777 2099 846 2140 rem
884 2075 976 2140 aliter
1012 2099 1046 2140 se
1083 2075 1236 2139 habuisse
1270 2095 1330 2138 non
1370 2116 1372 2145 :

135 2181 290 2263 opinetur,
315 2201 388 2242 cum
412 2202 451 2243 ea
474 2189 589 2261 aetate,
614 2202 677 2264 qua
697 2179 824 2242 codices
848 2181 958 2264 scripti
977 2189 1060 2264 sunt,
1084 2178 1232 2244 omnibus
1248 2178 1330 2242 illam
1370 2206 1372 2271 g

135 2283 302 2367 volgarem
332 2283 468 2347 formam
499 2285 532 2346 in
563 2285 716 2347 sermonis
739 2306 800 2346 usu
821 2284 920 2347 fuisse
942 2286 1011 2348 veri
1034 2283 1135 2348 simile
1158 2282 1220 2347 sit?
1244 2284 1278 2346 in
1298 2303 1330 2345 re
1370 2290 1372 2299 '

135 2409 200 2450 non
223 2409 352 2471 prorsus
375 2386 536 2471 planans
560 2386 721 2471 duplicem
744 2386 906 2451 scribendi
928 2389 1084 2451 rationem
1110 2386 1330 2471 amplecterer,

138 2494 286 2556 usitatam
302 2491 452 2555 vocabuli
474 2490 610 2556 formam
634 2492 762 2555 abicere
785 2492 880 2555 nolui.
897 2530 940 2539 —
955 2491 1054 2556 Haud
1077 2491 1264 2576 infrequens
1287 2496 1331 2554 est

53 2651 57 2659 .
136 2594 305 2680 sepulchri
336 2597 607 2659 commemoratio:
640 2597 672 2658 ia
697 2604 765 2657 VM
788 2618 915 2680 semper
943 2595 1152 2680 sepulchrum
1180 2596 1331 2680 scriptum

136 2709 267 2763 estnec
290 2698 358 2762 fere
381 2699 472 2763 aliter
493 2701 527 2763 in
550 2708 624 2781 AB,
652 2722 761 2783 quare,
786 2722 981 2785 quamquam
1004 2698 1151 2763 codicum
1166 2705 1236 2760 VM
1259 2718 1330 2761 non·

135 2801 223 2866 nulla
246 2804 374 2887 propria
396 2812 479 2886 sunt,
503 2825 585 2887 quae
609 2802 652 2866 ad
667 2801 766 2866 fidem
780 2802 964 2867 faciendam
986 2825 1050 2866 non
1065 2801 1182 2866 idonea
1203 2801 1331 2866 videan-

135 2915 195 2989 tur,
211 2915 320 2969 tamcn
335 2908 394 2991 ipsi
411 2905 539 2970 codices
554 2916 623 2990 AB,
639 2908 672 2969 in
696 2906 811 2991 quibus
833 2907 883 2970 bis
906 2917 1030 2971 tantum
1052 2905 1130 2970 illud
1147 2907 1167 2968 h
1183 2906 1332 2969 omissum

136 3019 193 3092 est,
218 3009 279 3073 hac
302 3011 334 3073 in
357 3033 392 3074 rc
415 3033 525 3074 corum
553 3012 775 3075 auctoritatem
798 3021 931 3095 augent3
955 3010 995 3074 cf.
1021 3011 1189 3095 Georges⁷
1212 3009 1330 3073 inlex.

136 3136 160 3177 s
177 3137 208 3178 v.
232 3151 275 3160 -
298 3112 423 3178 (lortius
445 3114 579 3179 iudicari
602 3125 707 3200 potest
730 3113 769 3178 de
793 3114 932 3200 reliquis,
957 3138 1039 3200 quae
1062 3137 1160 3199 supra
1181 3112 1331 3193 indicavi,

136 3216 311 3282 vocabulis.
328 3241 404 3282 nam
420 3219 593 3303 quicquam
614 3240 741 3302 semper
756 3218 912 3283 exhibent
927 3227 1002 3302 OM3
1027 3219 1142 3282 totiena
1161 3217 1331 3302 (quotieas,

137 3320 276 3405 saxicas)
302 3323 334 3384 in
358 3331 383 3384 0
404 3322 499 3406 longe
519 3322 662 3407 plurimis
685 3322 772 3404 lociS,
792 3323 825 3385 in
841 3331 877 3385 Η
893 3345 1020 3408 semper
1034 3325 1188 3407 scriptum
1203 3322 1331 3407 legitur3

139 3425 308 3509 tropheum
323 3423 399 3511 (sic)
421 3435 604 3489 constanter
626 3425 694 3488 fere
716 3428 749 3488 in
773 3436 797 3489 0
822 3424 868 3511 (in
890 3434 927 3488 Μ
949 3448 1012 3490 non
1035 3424 1140 3511 extat)
1164 3434 1332 3489 exaratum

137 3536 198 3610 est3
222 3528 343 3592 formae
365 3529 503 3593 Latinae
518 3528 633 3592 Xerses
654 3530 740 3594 nullo
755 3531 824 3594 loco
840 3553 904 3594 non
920 3531 1137 3617 suffragantur
1152 3539 1209 3594 aut
1223 3548 1332 3594 omnes

137 3640 192 3695 aut
218 3632 324 3717 plures
350 3631 423 3696 libri
450 3656 548 3698 manu
575 3637 700 3719 scripti3
732 3635 772 3700 cf.
800 3634 885 3700 Cle.
917 3634 1003 3698 2919
1026 3634 1090 3722 (Le
1113 3635 1189 3719 Bas,
1217 3631 1331 3720 1651);

137 3732 173 3798 O.
191 3734 227 3798 F.
242 3736 295 3800 W.
312 3736 430 3801 Mullor
445 3735 487 3800 ad
504 3737 569 3802 Cic.
589 3737 630 3802 de
646 3751 709 3803 nat.
732 3739 762 3803 d.
782 3739 810 3822 l,
837 3738 913 3822 1153
937 3739 973 3804 O.
991 3740 1159 3825 Wagener
1180 3741 1258 3826 phil.
1282 3742 1332 3825 44,
