2760 4110
596 169 810 220 PRAEFATIO.
1154 153 1302 213 XXXXI

98 323 155 387 ubi
179 325 395 387 inveniuntur.
420 323 589 388 sciendum
611 326 717 408 igitur,
742 346 815 388 cum
839 323 901 386 duo
918 323 972 387 vel
994 324 1055 386 tria
1077 322 1131 386 vel
1153 333 1303 407 quattuor

97 429 233 490 nomina
256 449 365 491 eorum
387 427 556 511 attulerim,
581 429 635 513 qui
651 438 706 492 aut
720 450 848 491 mecum
871 438 926 492 aut
941 449 1068 491 mecum
1092 436 1217 490 etcum
1241 427 1302 491 alio

97 530 153 594 vel
171 553 245 594 cum
261 530 329 594 aliis
346 542 586 614 consenserunt,
606 533 767 595 neminem
783 541 964 595 commenta
979 541 1158 595 ceterorum
1175 533 1302 614 cognita

98 634 253 698 habuisse
262 634 286 720 ¹)
310 637 551 720 nominatosque
571 635 639 699 illos
656 658 693 699 eo
717 635 827 699 ordine
844 657 924 718 esse,
947 645 982 699 ut
1002 636 1087 720 prior
1103 634 1156 697 vel
1179 637 1300 719 primus

98 750 282 825 poneretur,
307 742 361 825 qui
382 742 469 825 prior
490 740 544 804 vel
566 743 688 825 primus
711 763 769 804 sua
791 763 919 804 mecum
943 741 1244 804 communicaverat.

204 843 310 908 Locos
333 843 426 907 huius
449 845 547 928 ipsius
571 843 716 907 editionis
737 845 782 907 ita
804 840 944 926 laudavi,
973 853 1017 925 ut,
1041 845 1067 906 si
1090 844 1159 906 fieri
1182 852 1299 927 posset,

98 949 295 1032 paginarum
319 956 351 1012 et
372 970 525 1011 versuum
554 969 704 1011 numeros
735 945 920 1010 indicarem.
953 948 1054 1030 signa,
1086 946 1201 1030 quibus
1224 969 1300 1010 usus

99 1074 181 1134 sum,
202 1050 279 1137 quid
294 1050 355 1114 sibi
369 1051 479 1133 velint,
502 1053 621 1115 nemini
638 1051 771 1115 dubium
786 1051 855 1114 fore
875 1049 1010 1114 confido.
1032 1073 1074 1113 ne
1089 1061 1198 1113 tamen
1214 1073 1301 1114 error

98 1157 229 1237 oriatur,
254 1155 393 1240 exempli
425 1177 523 1219 causa
553 1155 635 1218 haec
666 1153 729 1219 duo
761 1176 988 1219 commemoro:
1019 1176 1049 1238 p.
1080 1152 1152 1235 146,
1183 1152 1202 1215 8
1227 1156 1300 1217 ‘non

97 1281 179 1344 opus
197 1256 255 1344 est]
275 1256 322 1321 (ἴε
338 1257 413 1342 (nec
430 1280 509 1343 opus
526 1258 614 1345 est)‘;
630 1260 790 1343 significat
805 1259 972 1324 Gertzium
987 1279 1043 1320 aec
1059 1278 1141 1342 opus
1159 1266 1203 1319 eet
1227 1258 1300 1320 scri-

97 1361 245 1426 bendum
276 1384 346 1425 esse
378 1364 550 1446 censuisse,
581 1385 633 1426 mc
662 1372 781 1447 tamen,
806 1386 880 1427 cum
902 1364 969 1426 eius
997 1363 1213 1425 coniecturam
1236 1384 1299 1425 am-

95 1466 266 1551 plecterer,
289 1465 485 1530 vocabulum
516 1465 602 1550 quod
632 1476 680 1530 cst
702 1489 759 1529 aec
780 1466 894 1530 leviter
916 1468 1101 1530 immutasse
1126 1465 1201 1549 (hoc
1228 1465 1297 1528 loco

97 1569 247 1634 codicum
263 1572 453 1655 scripturam
468 1592 532 1632 noo
550 1568 617 1657 [pro
640 1568 707 1658 aec]
723 1570 868 1655 retinui),
892 1593 922 1656 p.
942 1571 1013 1654 146,
1033 1571 1049 1633 1
1067 1570 1158 1634 ‘haec
1180 1568 1298 1654 (quasi)

96 1675 215 1737 omnia'
240 1673 400 1757 significat
421 1675 454 1737 in
485 1673 658 1757 codicibus,
691 1697 770 1759 quos
792 1676 964 1757 nominavi,
992 1676 1145 1759 scriptum
1169 1683 1295 1736 extare:

96 1779 175 1840 bace
189 1777 286 1860 quasi
302 1777 411 1839 onznia
426 1778 522 1862 quasi
537 1778 678 1841 mernbro
695 1827 702 1841 .
721 1831 728 1843 .
747 1804 769 1862 ,ς
793 1781 826 1842 in
842 1780 957 1843 ceteris
973 1778 1230 1843 adnotationibus
1253 1799 1293 1841 ne

94 1903 149 1944 res
172 1904 252 1944 vera
274 1903 338 1945 non
361 1883 565 1967 percipiatur,
588 1886 646 1946 vix
669 1905 792 1947 vereor.

200 1985 240 2048 In
262 1985 399 2070 plagulis
431 1987 628 2071 corrigendis
660 1997 691 2051 et
721 1989 754 2051 in
777 1986 883 2051 indice
915 1985 1114 2051 conficiendo
1145 1996 1293 2050 strenuus

94 2112 135 2154 ac
159 2088 270 2153 sollers
292 2090 370 2154 mihi
386 2093 490 2155 socius
512 2091 571 2155 fuit
594 2090 683 2156 Otto
699 2090 1016 2177 nlorgensternr),
1033 2091 1108 2155 olim
1124 2089 1297 2175 discipulus

93 2215 197 2275 meus,
221 2215 307 2257 nunc
331 2192 455 2278 collega
482 2204 514 2258 et
537 2197 668 2277 amicus,
693 2197 782 2259 cuius
806 2195 925 2259 auxilio
947 2197 1008 2259 nisi
1031 2194 1158 2259 adiutus
1182 2216 1295 2275 essem,

92 2300 127 2361 in
160 2307 319 2382 apparatu
347 2299 456 2362 critico
484 2299 604 2385 aliquot
629 2301 708 2364 vitia
736 2322 925 2364 remansura
954 2300 1053 2363 fuisse
1085 2309 1208 2362 eertum
1238 2308 1294 2362 est.

91 2401 257 2483 nonnulla,
282 2422 365 2486 quae
388 2424 475 2466 nune
498 2402 591 2467 aliter
614 2403 812 2468 conformata
830 2404 957 2487 vellem,
981 2426 1011 2488 p.
1028 2403 1198 2466 XXXXH
1214 2424 1295 2466 com·

92 2507 272 2569 memoravi
298 2506 399 2590 iisque
424 2505 557 2570 adiunxi
585 2518 773 2591 commenta,
798 2530 891 2592 quae,
916 2507 994 2571 dum
1017 2506 1092 2570 folia
1115 2506 1203 2590 prelo
1226 2528 1294 2590 pre-

91 2618 239 2691 muntur,
271 2631 342 2672 sero
372 2604 449 2672 mihi
479 2611 698 2675 innotuerunt:
729 2611 811 2675 haec
841 2633 919 2695 rogo
947 2622 983 2675 ut
1009 2620 1083 2674 ante
1105 2609 1178 2673 libri
1200 2631 1294 2672 usum

91 2714 297 2796 corrigantur
318 2711 372 2775 vel
396 2711 566 2778 addantur.

201 2905 220 2968 1)
239 2904 391 2954 Nonnullae
414 2907 583 2956 coniecturas
606 2908 660 2956 iam
684 2914 748 2957 ante
771 2908 870 2957 multos
894 2923 979 2958 annos
1002 2923 1018 2956 a
1036 2922 1080 2957 me
1102 2906 1204 2971 publici
1228 2905 1293 2953 iuris

88 2993 177 3042 factas
195 2991 243 3040 alii
260 2997 355 3056 postea
367 2993 565 3057 repetiverunt3
584 2993 714 3059 adscripsi
733 3010 825 3045 eorum
839 2996 949 3044 nomina
967 2994 1090 3056 fideliter,
1109 3010 1170 3044 cum
1190 3007 1235 3042 eos
1247 2992 1292 3041 ad·

89 3079 247 3128 notationes
265 3093 337 3128 meas
356 3080 463 3129 criticas
482 3095 536 3129 non
555 3081 655 3130 vidisse
673 3088 804 3146 putarem.

197 3164 218 3230 2)
237 3165 384 3215 Rhetorum
403 3166 476 3216 dicta
491 3173 582 3216 utrum
599 3169 670 3218 inter
683 3164 848 3219 ‘sententias‘
860 3185 896 3219 an
914 3170 984 3218 inter
996 3164 1117 3218 ‘colores'
1134 3165 1292 3216 collocanda

89 3257 191 3314 essent,
215 3251 288 3300 haud
306 3267 366 3302 raro
385 3253 497 3302 dubium
515 3255 582 3303 mihi
601 3260 665 3305 erat.
693 3261 722 3305 at
741 3271 786 3306 eas
805 3257 954 3306 sententias
971 3255 1015 3304 vel
1035 3255 1210 3314 narrationes,
1228 3267 1292 3316 prae

89 3339 190 3402 quibus
210 3340 286 3402 quasi
304 3338 439 3389 lemmatis
462 3340 521 3390 loco
545 3342 655 3391 nomina
677 3342 815 3392 rhetorum
833 3344 960 3408 genetivo
980 3357 1044 3391 casu
1063 3342 1150 3406 posita
1168 3344 1239 3402 sunt,
1258 3339 1291 3388 ab

88 3427 124 3474 iis
144 3439 269 3489 separare
288 3440 398 3477 necesse
417 3427 567 3489 ridebatur,
587 3430 703 3492 quaein
722 3429 775 3479 fine
801 3430 1043 3479 controversiarum
1062 3435 1089 3477 et
1112 3427 1291 3476 suasoriarum

87 3519 151 3578 post
163 3511 309 3562 divisiones
322 3513 458 3578 leguntur,
477 3530 679 3579 nonnumquam
697 3517 736 3566 ita
747 3517 877 3578 adnexae,
890 3522 921 3565 ut
934 3517 1063 3566 transitus
1081 3530 1097 3564 a
1116 3515 1292 3564 divisionibus

86 3599 123 3649 ad
137 3598 241 3649 colores
254 3599 298 3649 vel
312 3600 504 3665 descriptiones
517 3604 563 3650 vix
575 3603 719 3666 sentiatur3
739 3603 772 3653 cf.
785 3620 810 3668 p.
825 3606 884 3666 557,
900 3609 939 3653 11.
959 3619 1012 3667 qua
1031 3603 1064 3652 de
1077 3617 1158 3652 causa
1170 3604 1199 3652 in
1212 3602 1291 3651 huius

86 3686 151 3735 libri
174 3686 264 3735 indice
286 3686 391 3752 aliquot
413 3688 486 3737 dieta
507 3690 578 3737 inter
599 3689 703 3740 colores
721 3691 808 3740 relata
826 3696 897 3752 sunt,
917 3705 986 3754 quae
1006 3690 1077 3754 apud
1096 3689 1289 3755 Kiesslingiunr

86 3774 161 3821 inter
180 3767 344 3822 ‘sententias’
363 3780 546 3824 numerantur.

584 3935 792 3944 -—-——.
