2760 4110
521 659 917 743 FRAGMENTA.

210 887 445 949 1.N0vive1·o
475 896 506 949 ct
528 888 703 971 praecipuo
733 884 965 949 declamatores
988 885 1161 950 audacius
1191 911 1256 951 nec
1278 910 1327 950 me

120 990 251 1054 hercule
276 992 344 1053 sine
367 999 455 1053 motu
478 989 618 1074 quodam
639 990 864 1074 imaginantur,
888 998 928 1053 ut
950 987 1103 1054 Seneca
1131 992 1169 1054 in
1196 1002 1329 1056 contro·

119 1095 261 1176 versia,
287 1094 377 1156 cuius
400 1115 525 1156 summa
548 1102 605 1174 est,
634 1091 721 1178 quod
743 1101 836 1177 pater
857 1093 958 1156 filium
980 1102 1013 1156 et
1034 1115 1228 1159 novercam
1252 1095 1329 1158 indu-

121 1207 214 1262 cente
239 1197 339 1261 altero
367 1197 431 1260 filio
460 1200 493 1260 in
520 1196 678 1261 adulterio
702 1195 879 1281 deprensos
908 1195 1043 1260 occidit:
1074 1197 1176 1282 duc,
1204 1221 1329 1285 sequor:

120 1305 232 1387 accipe
256 1301 341 1364 hanc
365 1300 497 1364 senilem
519 1323 650 1364 manum
674 1310 706 1364 et
728 1323 932 1386 quocumque
953 1302 1003 1364 vis
1026 1302 1200 1386 inprime'‚
1223 1313 1257 1368 et
1271 1316 1330 1389 post

120 1407 232 1492 paulo:
266 1407 394 1490 ‘aspice'
426 1407 530 1490 inquit
556 1404 653 1489 ‘quod
681 1404 735 1468 diu
762 1426 827 1469 non
855 1404 1028 1469 credidisti.
1067 1429 1133 1490 ego
1164 1431 1252 1472 vero
1279 1431 1331 1472 nou

120 1508 233 1574 video:
257 1531 323 1573 nox
347 1508 490 1572 oboritur
513 1519 545 1573 et
568 1531 677 1573 crassa
701 1506 823 1592 caligo'.
852 1506 965 1581 Quint.
988 1510 1019 1584 9,
1040 1510 1071 1584 2,
1092 1511 1152 1572 42.

209 1614 238 1677 2.
263 1614 348 1677 Nam
371 1615 456 1677 etin
477 1623 577 1677 totum
601 1616 718 1694 iurare,
743 1614 803 1676 nisi
825 1611 882 1677 ubi
905 1634 1038 1677 necesse
1063 1624 1124 1698 est,
1151 1620 1256 1701 gravi
1273 1619 1331 1681 viro

122 1741 237 1803 parum
260 1721 419 1801 convenit,
451 1727 482 1781 et
510 1728 559 1782 est
580 1741 600 1781 a
628 1717 774 1781 Seneca
802 1717 923 1781 dictum
945 1716 1112 1801 eleganter
1138 1743 1213 1787 non
1236 1733 1332 1808 patro·

122 1844 237 1885 norum
260 1822 322 1886 hoc
346 1845 427 1906 esse,
452 1822 509 1887 scd
531 1825 668 1887 testium.
698 1819 811 1894 Quint.
835 1823 865 1897 9,
890 1823 919 1898 2,
943 1823 995 1883 98.

211 1927 240 1989 3.
264 1927 308 1990 Et
334 1925 486 1991 Seneca
513 1926 648 1991 tradidit
677 1925 794 1989 Iulium
821 1926 1011 1989 Montanum
1040 1935 1181 2011 poetam
1211 1930 1333 1995 solitum

123 2030 231 2094 dicere
254 2030 468 2094 inuolaturum
494 2053 527 2094 se
551 2031 694 2114 Vergilio
719 2029 890 2115 quaedam,
922 2031 947 2093 si
971 2039 1003 2093 et
1023 2051 1143 2094 vocem
1171 2045 1289 2119 posset
1310 2046 1334 2099 et

122 2157 158 2198 os
187 2144 219 2198 et
246 2134 447 2220 hypocrisim
479 2135 610 2199 eosdem
638 2137 724 2198 enim
746 2157 860 2198 versus
888 2136 956 2219 ipso
983 2137 1227 2219 pronuntiante
1256 2139 1333 2204 benc

120 2262 251 2323 sonare,
284 2241 352 2302 sine
382 2239 434 2303 illo
464 2242 576 2303 inanes
607 2261 678 2303 esse
708 2248 886 2323 mutosquc.
925 2238 1045 2300 Donat.
1076 2238 1151 2301 cito
1196 2241 1361 2330 Ver·9iliit

119 2367 154 2427 p.
179 2345 231 2420 61,
254 2344 275 2405 5
299 2342 396 2428 Reiff.
421 2342 429 2429 Η

283 2743 665 2827 FRAGMENTA
691 2742 1165 2828 HISTORIARVM.¹)

214 2970 240 3033 1.
270 2969 417 3033 Seneca
444 2970 610 3032 Romanae
638 2969 727 3032 urbis
759 2979 905 3053 tempora
932 2968 1092 3033 distribuit
1123 2971 1158 3032 in
1191 2983 1337 3051 aetates3

123 3076 260 3157 primam
284 3075 369 3137 enim
393 3073 475 3135 dixit
496 3072 664 3137 infantiam
687 3073 747 3136 sub
770 3096 848 3157 rege
871 3073 1007 3136 Romulo
1029 3072 1141 3156 fuisse,
1166 3098 1188 3138 a
1217 3100 1288 3163 quo
1312 3090 1338 3143 et

124 3179 232 3259 genita
257 3186 288 3240 et
312 3178 404 3262 quasi
428 3176 566 3240 educata
589 3180 628 3241 sit
650 3178 764 3260 Roma,
797 3177 913 3241 deinde
937 3179 1106 3263 pueritiam
1131 3178 1197 3242 sub
1219 3188 1368 3248 ceterisn

214 3406 234 3468 Ι)
264 3406 303 3454 cf.
331 3420 402 3470 quae
425 3405 529 3455 Seneca
556 3405 730 3470 philosophus
758 3408 786 3454 in
814 3405 964 3470 fragmento
993 3402 1035 3454 ‘de
1058 3405 1115 3453 vita
1139 3408 1242 3471 patris*
1273 3413 1339 3461 dixit

125 3493 177 3556 (ΙΙΙ
196 3495 246 3541 437
267 3493 306 3542 ed.
327 3494 433 3556 Haasl:
452 3490 589 3557 ‘Quisquis
608 3492 718 3557 legisset
736 3495 794 3543 eius
813 3493 937 3542 historias
959 3492 992 3541 ab
1012 3493 1089 3541 initio
1108 3491 1255 3548 bellorum
1276 3502 1339 3550 civi·

123 3580 198 3641 lium,
222 3580 294 3629 unde
313 3582 427 3645 primum
451 3583 551 3629 veritas
576 3586 646 3629 retro
669 3581 744 3642 abiit,
768 3595 855 3646 paene
877 3595 963 3645 usque
986 3580 1020 3628 ad
1043 3580 1135 3628 mortis
1159 3597 1232 3633 suae
1259 3587 1339 3647 diem,

121 3668 215 3731 magni
229 3669 384 3717 aestimaret
395 3669 472 3730 scire,
485 3668 582 3732 quibus
595 3672 674 3716 natus
686 3672 756 3717 esset
769 3667 924 3733 parentibus
937 3667 992 3726 ille,
1011 3667 1057 3731 qui
1074 3680 1117 3716 res
1129 3667 1295 3724 Romanae.
1307 3711 1313 3724 .
1324 3672 1339 3723 .’
