2760 4110
93 178 119 237 p.
137 174 189 221 405
208 171 242 222 u.
467 194 470 199 -
488 168 559 219 nra.
573 170 653 219 v1111
680 168 775 235 aaa,
791 172 902 221 10-14.
1233 151 1295 217 387

94 328 180 390 enini
202 327 272 389 loco
296 335 352 389 aut
375 326 461 389 omni
482 347 602 408 genere
625 334 682 389 aut
702 348 763 410 per
785 347 865 410 quos
887 324 1001 391 libebit
1016 336 1072 392 aut
1094 351 1169 392 cum
1183 325 1299 391 libebit

94 431 286 516 supplicium
302 431 383 493 sumi
403 429 452 493 fas
469 438 517 493 est
531 427 769 515 adhibeturque
789 429 832 493 ad
852 453 891 494 ea
911 434 1117 516 magistratus
1137 432 1178 497 ob
1196 440 1298 495 custo

95 535 192 617 (hain,
220 557 284 598 non
311 534 350 597 ob
383 533 546 598 laetitiam.
580 534 708 597 Taraar.
743 533 815 612 Quo
845 537 977 599 erimine
1007 536 1177 601 damnatus
1206 535 1297 601 erat?

95 640 213 703 caedis.
239 662 303 702 non
323 651 431 703 tamen
453 641 486 702 in
505 641 653 703 convivio
674 639 846 703 occiderat.
871 640 1094 706 animadverte
1116 642 1296 727 diligenter,

59 771 75 817 5
94 747 258 827 meretrix,
282 767 323 807 ne
343 746 459 807 iterum
479 743 687 807 homicidium
709 766 813 827 roges

181 849 360 911 hlouraxvs
377 849 541 911 Vorrnuvs
564 847 623 910 has
638 847 775 933 putabat
795 850 998 933 quaestiones
1022 871 1107 913 esse:
1131 873 1184 933 an,
1208 850 1298 934 quid·
1323 852 1364 915 13

94 952 175 1035 quid
202 952 325 1036 aliquis
347 954 380 1015 in
403 954 594 1036 magistratu
621 953 781 1036 peccauit,
812 954 957 1036 protinus
980 951 988 1038 ΗΗ
1010 953 1168 1017 vindicari
1198 955 1299 1038 pessit

94 1059 269 1120 maiestatis
291 1057 374 1140 lege.
406 1078 481 1120 reus
502 1058 598 1140 enim,
622 1058 677 1141 qui
696 1058 780 1120 tueri
803 1078 837 1120 se
856 1056 941 1121 facto
964 1080 1030 1121 non
1048 1066 1163 1143 petest,
1187 1057 1229 1121 ad
1249 1059 1298 1121 ius

95 1162 239 1245 confugit
262 1172 293 1224 ct
316 1160 394 1224 dicit
416 1183 481 1224 non
503 1160 564 1224 hac
589 1182 623 1223 se
645 1160 718 1244 lege
741 1163 853 1224 teneri.
882 1183 945 1224 non
970 1161 1128 1247 quidquid
1149 1163 1300 1246 peccavit

44 1291 76 1338 10
95 1263 209 1349 aliquis
224 1267 258 1327 in
273 1267 473 1348 magistratu,
490 1267 692 1328 maiestatem
706 1263 814 1328 laedit.
838 1274 916 1349 puta
931 1265 1082 1350 aliquem,
1107 1265 1185 1329 dum
1199 1268 1298 1350 magi·

95 1378 212 1432 stratus
229 1379 287 1451 est,
310 1380 437 1453 patrem
453 1391 548 1432 suum
564 1368 724 1452 occidere,
747 1391 873 1432 veneno
888 1392 1026 1433 uxorem
1050 1392 1142 1433 suam
1165 1392 1297 1433 necare:

94 1484 182 1558 puto,
205 1496 270 1536 non
286 1473 347 1536 hac
370 1473 442 1557 lege
464 1494 596 1536 causam
612 1472 708 1556 dicet,
733 1472 790 1536 sed
806 1472 885 1556 aliis,
909 1473 1074 1559 parricidii
1090 1483 1123 1537 et
1137 1474 1296 1538 veneficii.

94 1580 143 1641 vis
160 1580 243 1642 seire
259 1601 324 1641 non
340 1602 359 1641 a
375 1601 437 1662 que
461 1577 576 1642 fiatad
599 1600 668 1641 rern
683 1580 857 1663 pertinere,
881 1578 941 1641 sed
957 1577 1036 1664 quid
1051 1578 1129 1641 liat?
1152 1579 1298 1663 privatus

93 1692 199 1767 potest
222 1684 369 1745 accusari
391 1684 566 1745 maiestatis
589 1681 713 1765 laesae,
741 1684 767 1744 si
791 1682 869 1766 quid
891 1681 982 1766 fecit,
1011 1704 1074 1767 quo
1097 1684 1299 1746 maiestatem

43 1813 75 1858 15
94 1787 203 1872 populi
219 1788 356 1850 Romani
375 1786 527 1851 laederet.
551 1797 639 1872 puta,
656 1788 794 1850 amicam
812 1785 911 1850 habet
930 1787 1116 1872 proconsul:
1139 1786 1213 1849 ideo
1234 1808 1299 1850 ma-

94 1894 214 1955 iestatis
239 1891 467 1955 damnabitur?
492 1891 579 1976 quod
598 1891 735 1976 amplius
752 1900 801 1954 est
816 1891 902 1955 dieo:
926 1901 1014 1976 puta,
1030 1901 1211 1955 matronam
1232 1913 1299 1954 cor-

94 1998 223 2080 rumpit,
245 1995 322 2059 dum
337 1996 508 2081 proconsul
526 2004 588 2059 est:
605 1994 753 2059 adulterii
770 2018 903 2060 causam
920 1996 1014 2078 dicet,
1031 2018 1096 2060 non
1111 1996 1296 2059 maiestatis

95 2100 232 2184 singula,
253 2102 366 2184 inquit,
386 2102 520 2164 aestima
541 2122 624 2184 quae
645 2099 755 2163 obicis.
781 2101 807 2163 si
827 2109 951 2164 tantum
966 2102 1105 2164 amicam
1120 2099 1298 2177 habuisset,
1323 2098 1366 2161 14

94 2204 250 2288 numquid
271 2204 466 2267 accusares?
491 2205 517 2267 si
536 2204 818 2268 animadvertisset
837 2206 871 2266 in
887 2203 1026 2288 aliquem
1047 2203 1132 2267 nullo
1152 2211 1299 2286 rogante,

41 2331 76 2379 20
94 2307 252 2394 numquid
279 2309 428 2371 accusari
454 2308 588 2393 posset?
620 2310 647 2371 si
669 2330 734 2371 non
762 2330 856 2371 omne
884 2330 949 2371 nen
975 2316 1064 2371 recte
1091 2306 1214 2370 factum
1237 2305 1299 2371 hae

183 2486 229 2530 GD
257 2485 269 2530 1
290 2480 399 2547 genere]
420 2488 541 2546 ternpore
559 2482 684 2533 Konitzcr
737 2484 815 2531 cerda
833 2488 881 2531 aut
899 2498 961 2530 cunr
980 2482 1075 2530 libebit
1098 2499 1145 2530 om.
1164 2485 1191 2528 A
1209 2478 1217 2546 ΗΗ
1236 2496 1298 2529 cum

94 2569 225 2633 (quibus)
243 2568 338 2618 libebit
356 2574 380 2616 D
401 2571 455 2634 (oy)
475 2566 483 2636 ΗΗ
502 2571 517 2616 2
537 2570 635 2618 summi
653 2574 704 2616 AB
728 2567 735 2633 Η
759 2570 774 2616 3
798 2570 940 2618 saevitiam
958 2568 1065 2632 Lipsiae
1083 2614 1090 2633 Ι,
1110 2570 1126 2616 4
1145 2566 1231 2616 credis
1251 2570 1272 2615 0
1290 2562 1299 2632 ΗΗ

94 2656 294 2704 animaduertat
317 2656 394 2720 (port.
415 2661 425 2704 t
449 2655 508 2718 del.)
528 2661 554 2703 V
577 2652 585 2721 ΗΗ
608 2658 624 2704 6
647 2657 777 2704 uocienus
796 2661 818 2703 Β
842 2652 850 2721 Η
873 2656 1028 2720 questiones
1047 2660 1097 2703 AB
1119 2652 1127 2721 Η
1145 2650 1300 2719 *quidquid

95 2740 203 2807 aliquis]
218 2742 283 2806 quid
296 2744 387 2807 quisc
400 2741 472 2807 qued
485 2743 545 2807 quis
557 2748 610 2804 D‘c,
624 2740 756 2807 quidquid
768 2742 818 2802 Εὐ,
831 2741 962 2807 quidquid
974 2743 1035 2806 quis
1047 2742 1099 2804 (a,-
1110 2742 1144 2806 cf.
1154 2758 1178 2790 o.
1191 2741 1279 2790 9-10
1291 2736 1299 2805 Η

96 2831 110 2877 7
131 2835 295 2893 nragestratu
314 2834 340 2876 A
385 2826 516 2893 protinus]
530 2829 590 2894 My,-
608 2845 702 2893 procos
715 2827 833 2893 (consul
846 2827 882 2894 D)
896 2833 929 2890 0,
948 2834 1055 2893 praetor
1067 2829 1116 2890 ΡΙ),
1128 2829 1195 2893 fort.
1208 2825 1277 2877 *det
1290 2823 1300 2893 Η

95 2917 111 2963 8
130 2914 187 2964 lese
205 2921 229 2963 D
274 2930 336 2964 reus
354 2914 470 2978 (unum)
488 2917 560 2964 enim
573 2920 651 2963 AVD
670 2930 733 2964 reus
750 2931 834 2964 unum
853 2920 876 2963 B
894 2912 903 2983 ΗΗ
922 2916 987 2981 quid
999 2917 1058 2964 ueri
1077 2921 1099 2963 B
1119 2917 1178 2980 quit
1191 2915 1261 2964 tueri
1273 2918 1299 2961 V

95 3003 168 3067 quod
181 3004 251 3051 tueri
264 3008 297 3063 D,
316 3018 377 3051 cum
392 3003 460 3051 tueri
474 3002 523 3063 Fe,
535 3002 612 3065 fort,
625 3003 721 3067 inquit,
735 3003 806 3051 tueri
817 3002 873 3052 Kar
889 2999 898 3069 ΗΗ
917 3005 932 3051 9
946 3003 1050 3052 eonfuit
1066 3007 1090 3050 B
1109 3001 1239 3066 eomfugit
1252 3005 1278 3048 V
1290 2996 1299 3067 ΗΗ

96 3106 151 3138 non
170 3089 221 3138 hae
239 3104 267 3138 se
290 3087 362 3155 lege]
389 3088 442 3151 Ga,-
463 3103 496 3137 ae
513 3088 575 3152 (hae
587 3089 624 3150 V)
644 3102 673 3137 se
696 3104 751 3137 non
775 3087 835 3153 lege
859 3093 880 3138 c
903 3088 955 3137 hac
972 3103 1001 3137 se
1020 3088 1080 3153 lege
1099 3104 1154 3137 non
1172 3093 1196 3136 D
1216 3089 1271 3151 (eq)
1291 3083 1299 3153 ΗΗ

96 3192 161 3225 nurn
174 3182 207 3237 D,
227 3191 281 3224 non
299 3178 321 3237 <,
334 3176 449 3240 inquit>
470 3175 508 3226 Ga
526 3172 535 3241 ΗΗ
555 3177 586 3223 11
605 3189 738 3239 neeapere
756 3180 782 3222 A
800 3171 809 3240 ΗΗ
830 3178 860 3223 12
879 3172 972 3241 taliis]
992 3173 1034 3223 illi
1053 3179 1074 3223 0
1093 3172 1147 3222 illis
1165 3179 1189 3221 D
1208 3186 1216 3238 Η
1234 3171 1298 3233 illis,

96 3264 232 3328 parricidii
244 3262 336 3325 (dico)
351 3262 389 3313 Ga
400 3258 409 3328 ΗΗ
421 3262 547 3311 beneficii
560 3267 610 3310 AB
623 3260 746 3311 uenefitii
756 3267 782 3310 V
795 3260 803 3327 Η
812 3263 880 3326 fort.
893 3264 971 3311 verba
984 3259 1121 3326 parricidii
1134 3266 1161 3308 et
1173 3257 1299 3309 veneficii

96 3350 145 3400 del.
164 3367 215 3399 aeae
233 3366 297 3399 cena
320 3350 358 3400 (ἔκ
381 3347 383 3414 l
403 3351 435 3397 13
454 3351 495 3397 vis
513 3349 575 3413 (tu)
596 3348 636 3399 Gr
654 3347 690 3397 aol
707 3350 802 3410 9,1,e
820 3348 991 3413 (p.374,17)
1009 3344 1017 3415 ΗΗ
1036 3349 1171 3412 pertinere
1188 3364 1255 3395 corr.
1267 3361 1300 3395 ea

97 3439 215 3502 pertinet
228 3442 250 3484 Β
265 3434 272 3502 Η
287 3439 319 3485 14
331 3435 424 3486 laesen
436 3442 488 3485 AB
501 3435 574 3485 lesae
586 3437 609 3484 si
621 3440 648 3483 V
660 3432 668 3501 Η
684 3437 715 3485 15
729 3435 823 3500 populi
834 3438 979 3500 r.p.(a'e)
993 3439 1014 3484 0
1047 3450 1163 3500 proquos
1176 3438 1227 3482 AB
1240 3449 1298 3498 pro·

96 3530 198 3588 cus,V
216 3522 225 3591 Η
249 3526 281 3573 16
300 3521 459 3589 matronam]
479 3529 536 3584 D‘c3
558 3528 708 3573 matronam
729 3527 750 3571 0
773 3518 781 3590 ΗΗ
805 3524 923 3588 corrupit
941 3528 965 3571 D
988 3519 997 3588 ΗΗ
1021 3524 1052 3571 17
1071 3536 1165 3586 procos
1186 3520 1263 3585 (port.
1283 3536 1298 3569 e

96 3611 298 3675 cori·.ea11)V
322 3608 324 3675 Η
346 3612 376 3659 18
395 3611 479 3660 obicis
497 3628 562 3659 corr.
582 3626 613 3659 aa
632 3609 723 3659 obeeis
740 3615 767 3657 A
784 3618 793 3675 ¹,
814 3612 845 3658 19
864 3607 895 3674 si]
916 3609 966 3671 Ba·
985 3610 1032 3673 qui
1051 3613 1072 3658 0
1091 3608 1163 3674 quod
1180 3613 1226 3656 D‘c
1244 3604 1252 3673 Η
1270 3608 1299 3656 in

97 3697 228 3764 aliquem]
249 3697 394 3763 maliquem
413 3703 439 3745 V
457 3695 465 3764 Η
484 3694 572 3763 nullo]
590 3696 643 3746 alio
665 3694 731 3762 Schy
751 3692 760 3763 ΗΗ
782 3702 921 3761 rogantem
940 3701 990 3744 AB
1013 3693 1022 3763 Η
1045 3697 1079 3744 20
1101 3709 1228 3744 accusare
1247 3698 1271 3744 0
1290 3692 1300 3759 ΗΗ

98 3784 198 3851 posset]
217 3785 271 3847 Ma
288 3787 373 3850 possit
391 3789 415 3833 0
434 3780 443 3851 ΗΗ
462 3799 540 3834 omne
560 3781 623 3849 non]
644 3799 736 3833 omnes
755 3788 782 3831 A
801 3786 844 3832 om
863 3798 920 3832 non
936 3788 962 3830 B
978 3779 1043 3847 ttae
1063 3787 1116 3828 AB
1155 3858 1173 3885 s

1118 3862 1160 3904 ‘ris
