2760 4110
56 113 60 122 “
87 114 152 178 592

122 291 172 352 nis,
191 291 230 339 rei
242 291 293 353 sui,
312 289 464 341 Pollionem
477 290 600 341 Asinium
613 292 662 341 cir·

123 384 297 427 cumventum
319 379 348 427 iu
370 371 428 428 ¹foro
442 379 536 441 caedi,
559 380 662 445 imponi

121 478 150 513 se
173 479 254 529 supra
276 466 385 530 cippum
407 466 486 515 iussit
508 471 536 516 et
554 467 661 528 iuravit,

122 552 144 600 si
157 566 238 615 quam
251 553 376 601 iniuriam
391 551 458 602 Cato
470 552 598 616 Pollioni,
617 568 660 602 ac-

121 640 238 688 cusatori
261 654 323 701 sno,
350 638 470 701 fecisset,
494 653 522 688 se
546 640 575 688 in
598 655 660 689 eum

120 725 270 775 iuraturum
281 724 458 787 calumniam
471 739 522 774 nec
530 740 660 790 umquam

120 818 214 876 postea
225 810 314 860 Pollio
324 826 341 861 a
351 810 455 861 Catone
465 812 660 877 advocatisque

120 898 178 947 eius
201 903 295 948 autre
317 905 364 948 aut
382 898 464 947 verbo
483 898 601 948 violatus
619 906 660 949 est

119 985 178 1047 308,
194 988 238 1046 15,
256 985 399 1034 historicus
411 986 470 1047 566,
484 987 530 1046 20,
549 987 607 1034 eius
619 985 659 1033 hi·

120 1073 290 1134 storiae566,
304 1075 345 1120 15.
364 1073 425 1135 572,
440 1073 481 1121 12.
496 1074 542 1136 14,
562 1072 659 1121 oratio-

119 1173 179 1207 nem
194 1174 241 1224 pro
254 1159 350 1208 Lamia
362 1158 456 1208 habuit
469 1163 496 1208 et
506 1158 590 1208 edidit
599 1159 658 1220 566,

120 1248 144 1294 9.
165 1246 210 1306 16,
238 1261 385 1310 numquam
404 1245 521 1295 admissa
537 1244 659 1294 multitu·

121 1331 183 1380 dine
202 1332 372 1395 declamavit,
390 1347 442 1382 nec
460 1335 486 1382 ei
502 1334 613 1383 ambitio
630 1334 659 1381 in

119 1418 214 1468 studiis
227 1418 325 1482 deluit,
337 1421 439 1483 primus
452 1421 525 1469 enim
538 1420 657 1469 omnium

119 1504 301 1555 Romanorum
331 1506 470 1555 advocatis
504 1507 658 1557 bominibus
683 1569 685 1577 .

120 1594 219 1656 scripta
236 1608 285 1642 sna
309 1594 434 1642 recitavit
457 1596 517 1656 225,
535 1595 563 1655 3,
588 1594 657 1643 11611-

119 1679 177 1728 dior
195 1684 252 1728 erat
270 1679 411 1743 aliquanto
435 1682 464 1728 in
482 1680 657 1730 declamando

118 1781 199 1830 quam
212 1768 241 1815 in
254 1766 372 1831 agendo:
385 1766 452 1815 illud
465 1769 586 1817 strictum
600 1770 658 1817 eius

119 1862 146 1901 et
164 1867 288 1917 asperum
302 1859 329 1903 et
341 1855 421 1902 nimis
434 1855 532 1903 iratum
545 1856 656 1919 ingenio

118 1955 165 1987 suo
188 1939 317 1988 iudicium
339 1940 407 1989 adeo
430 1941 561 2004 cessabat,
579 1943 657 1990 utin

118 2025 212 2074 multis
234 2027 260 2074 ei
281 2027 362 2076 venia
387 2042 454 2092 opus
478 2034 561 2090 esset,
587 2043 657 2092 quae

119 2114 152 2162 ab
176 2115 233 2178 ipso
256 2116 302 2162 vix
325 2113 519 2178 impetrabatur
537 2115 597 2175 225,
611 2117 657 2176 15,

119 2208 243 2266 corrupte
266 2201 449 2250 iudicantibus
472 2203 560 2249 minus
588 2202 657 2250 bene

117 2289 260 2338 videbatur
278 2289 367 2337 dicere
388 2302 469 2350 quam
488 2286 592 2336 Cestius
610 2295 658 2336 aut

118 2376 199 2424 Latro
219 2378 278 2437 210,
293 2376 320 2437 7,
339 2375 373 2423 ad
391 2373 551 2424 Marcellum
564 2375 656 2424 Aeser-

117 2464 212 2511 ninum
241 2472 366 2527 nepotem
391 2463 525 2526 pertinere
554 2477 657 2511 succes·

118 2551 219 2599 sionem
245 2548 417 2613 eloquentiae
444 2563 508 2597 suae
531 2549 657 2598 credebat

118 2638 182 2697 226,
208 2639 236 2698 2,
267 2638 361 2700 inique
391 2636 521 2684 iudicavit
551 2636 584 2684 de
615 2636 656 2685 Ci-

118 2739 223 2785 cerone,
252 2727 327 2772 ouius
354 2723 442 2773 famae
469 2723 657 2773 infestissimus

117 2812 264 2875 permansit
287 2812 345 2872 566,
363 2814 388 2859 4.
407 2812 430 2859 8.
451 2814 495 2872 15,
519 2810 657 2860 Ciceronis

118 2904 229 2946 mortem
248 2897 320 2947 solus
341 2913 374 2947 ex
396 2897 520 2946 omnibus
538 2898 657 2963 maligne

117 2988 237 3035 narravit
260 2989 319 3046 571,
340 2989 385 3046 14,
410 2987 532 3048 quamvis
555 2986 656 3034 invitus

118 3075 302 3124 testimonium
325 3073 434 3136 plenum
456 3071 579 3121 Ciceroni
598 3073 655 3120 red-

118 3162 187 3210 didit
210 3162 269 3222 571,
294 3162 338 3221 15,
362 3157 490 3208 Sextilius
514 3158 573 3207 Ena
596 3175 654 3224 pro·

118 3249 290 3312 scriptionem
304 3247 442 3295 Ciceronis
454 3248 483 3294 in
496 3246 574 3294 domo
587 3247 655 3294 Mes-

118 3336 191 3384 salae
215 3333 324 3384 Corvini
349 3335 509 3384 recitaturus
533 3332 655 3381 Asinium

117 3421 269 3471 Pollionem
282 3421 469 3481 advocaverat,
490 3421 536 3484 qui
549 3434 655 3469 versum

117 3509 191 3559 illius
226 3511 254 3557 in
285 3509 417 3573 principio
451 3509 567 3572 positum
602 3522 656 3555 non

118 3611 205 3659 aequo
224 3597 314 3645 animo
333 3595 397 3644 tulit
416 3596 475 3655 574,
489 3596 517 3656 8,
536 3594 655 3654 Verrem,

118 3682 256 3731 Ciceronis
274 3698 358 3744 reum,
381 3682 524 3730 fortissime
543 3681 655 3728 morien-

118 3768 305 3847 oefflffldil
323 3771 384 3832 571,
405 3771 448 3830 13,
473 3782 566 3817 severe
589 3766 655 3814 iudi-

628 135 753 185 INDEX.
817 189 820 194 ,

750 294 824 341 cavit
842 292 875 342 de
891 293 1014 342 Latrone
1028 294 1093 356 144,
1112 295 1163 358 14,
1183 293 1301 344 acerbum
1338 350 1339 359 ,

750 380 808 428 eius
838 379 872 428 de
901 379 1004 429 Arellio
1037 380 1138 429 Fusco
1176 381 1300 431 indicium

749 467 809 526 537,
835 468 880 529 19,
909 465 1027 515 Labieni
1065 466 1103 516 de
1139 482 1175 517 eo
1208 468 1301 518 dictum
1337 466 1339 473 '

749 554 808 614 225,
827 555 854 614 6,
873 552 947 602 Vibii
965 552 1028 602 Rufi
1053 555 1233 604 sententiam
1255 571 1300 605 sor·

749 639 857 689 didioris
884 644 966 689 notae
993 654 1024 689 se
1053 642 1190 706 recipere
1218 642 1301 692 aiebat

748 727 807 787 393,
827 728 871 788 14,
894 728 1046 776 sententias
1064 727 1188 778 Albucii
1207 730 1301 794 optime

748 811 823 862 albas
840 813 955 862 vocabat
978 814 1040 875 268,
1058 815 1090 876 3,
1118 815 1225 864 Triarii
1248 829 1299 864 sen·

748 900 862 948 tentiam
891 899 984 949 derisit
1016 901 1081 962 148,
1113 906 1166 962 11,
1200 909 1300 951 contra·

747 986 829 1035 dictio
842 986 874 1047 Q.
887 986 993 1036 Haterii
1006 987 1067 1036 eius
1085 987 1164 1037 iocis
1177 1003 1299 1054 magnam

748 1074 888 1123 materiam
905 1073 1031 1138 praebuit
1051 1075 1117 1136 229,
1138 1078 1173 1138 4,
1193 1075 1298 1125 divisio·

747 1174 808 1209 nem
832 1161 928 1210 incerti
947 1160 1090 1210 cuiusdam
1111 1161 1238 1212 rhetoris
1256 1163 1298 1212 im·

746 1246 871 1310 probavit
900 1248 957 1310 167,
982 1249 1027 1309 14,
1059 1248 1132 1296 116111
1167 1249 1298 1300 Buteonis
1337 1266 1339 1287 1

746 1335 933 1398 quaestionem
952 1335 1012 1396 306,
1030 1336 1061 1399 9,
1085 1335 1162 1385 item
1183 1335 1298 1386 colerem

746 1419 873 1469 Romanii
890 1421 1027 1486 Hisponis,
1047 1422 1173 1487 Pompei
1193 1423 1298 1482 Silonis,

746 1508 880 1570 Latronis,
899 1506 984 1556 Cestii
1002 1507 1063 1570 238,
1077 1509 1102 1558 6.

800 1593 957 1644 Senoniae:
976 1596 1094 1656 23210.
1116 1597 1185 1660 275,
1199 1600 1224 1647 4.
1243 1598 1298 1657 321,

748 1684 787 1732 16.
806 1682 867 1744 666,
882 1683 922 1730 10.
943 1682 1003 1744 611,
1017 1683 1060 1731 16.

802 1768 912 1818 Colores:
932 1769 1028 1830 69,10.
1044 1770 1104 1831 144,
1122 1772 1168 1818 14.
1185 1770 1298 1833 148,14.

746 1857 805 1917 234,
816 1857 839 1905 7.
851 1857 940 1918 237,1.
954 1856 1064 1917 238,14.
1076 1857 1142 1917 285,
1150 1857 1177 1906 7.
1192 1857 1298 1920 329,17.

711 1939 864 2007 Asprenas
882 1958 907 1990 v.
926 1942 1037 1990 Nonius.

711 2024 865 2080 Atellana.
901 2029 1067 2093 Pomponius
1094 2028 1298 2080 Atellanarum

745 2116 858 2180 scriptor
876 2117 935 2176 303,
956 2118 978 2163 1.

711 2195 829 2267 Ἀθηνᾶ
848 2204 907 2262 525,
921 2203 950 2265 8,
970 2201 1002 2250 cf.
1022 2201 1162 2251 Minerva.

710 2287 848 2339 Athenae
872 2290 931 2351 220,
949 2289 990 2336 21.
1016 2288 1077 2349 221,
1098 2289 1142 2337 10.
1172 2291 1238 2354 260,
1260 2293 1296 2339 10.

746 2377 805 2436 378,
829 2377 869 2424 10.
898 2378 957 2438 493,
979 2377 1003 2424 8.
1031 2376 1092 2436 494,
1116 2379 1163 2425 14.
1193 2380 1258 2439 495,
1276 2380 1297 2428 9.

744 2464 804 2522 498,
816 2464 857 2510 21.
870 2464 931 2524 500,
945 2465 983 2511 19.
998 2465 1057 2524 555,
1072 2463 1118 2524 12,
1134 2463 1299 2528 eloquentia

745 2548 855 2598 inclitae
874 2551 988 2611 535,10.

711 2632 910 2686 Athenienses
930 2638 1026 2697 8610.
1049 2637 1107 2698 111,
1121 2639 1151 2686 3.
1174 2641 1240 2702 220,
1260 2643 1298 2689 11.

746 2725 805 2784 361,
825 2725 856 2770 16
875 2737 929 2785 seq.
953 2724 1012 2785 161,
1030 2725 1053 2770 4.
1077 2724 1142 2786 496,
1165 2728 1191 2775 1.
1213 2731 1239 2777 6.
1259 2729 1299 2777 1ο.

745 2812 926 2873 66111166,
950 2810 1009 2870 636,
1029 2811 1052 2857 a.
1078 2811 1140 2872 611,
1166 2813 1212 2861 11.
1238 2817 1299 2875 661,

746 2898 842 2959 7seq.;
865 2897 893 2943 in
918 2895 1020 2944 talento
1040 2896 1141 2959 viginti
1164 2907 1300 2963 quattuor

744 2984 868 3031 sestertia
892 2989 954 3030 sunt
976 2982 1193 3034 Atheniensium
1225 3002 1301 3037 more

744 3071 859 3129 50213.

710 3153 903 3207 Atheniensis
922 3156 980 3216 662,
994 3156 1018 3202 6.
1037 3155 1097 3217 493,
1111 3157 1127 3203 6
1141 3172 1208 3222 seq.

709 3240 804 3294 Athos
824 3244 883 3302 551,
898 3244 921 3290 9.

710 3327 831 3380 Atinius
856 3328 897 3392 (C.
915 3330 1022 3377 Atinius
1044 3327 1138 3378 Labeo
1160 3331 1304 3398 Macerio)

744 3431 843 3480 magna
861 3415 991 3465 violentia
1012 3417 1040 3463 in
1059 3414 1223 3470 absentiam
1243 3422 1303 3473 Μ6-

744 3502 803 3552 16111
821 3504 935 3567 strepuit
953 3504 1012 3564 461,
1032 3503 1055 3550 6.

711 3584 841 3660 Ἀτρεὺς
859 3591 973 3651 50317.

710 3675 833 3729 Attalus
853 3677 967 3737 Stoicus,
992 3677 1038 3739 qui
1061 3673 1149 3724 solnm
1172 3684 1266 3732 vertit
1287 3698 1304 3733 a

745 3766 843 3816 Seiano
863 3764 1089 3827 circumscriptus,
1108 3777 1241 3829 magnae
1260 3771 1304 3820 vir
