2760 4110
88 198 112 245 p.
132 180 236 230 43311.
506 182 576 233 nm.
589 172 670 233 vnn
697 182 789 248 sno,
801 184 879 235 4-e.
1230 164 1295 229 417

88 339 227 419 nomine,
252 358 316 400 non
338 337 442 421 magis
458 360 556 422 quarn
580 361 655 402 cum
674 347 786 403 matre.
816 338 916 404 habet
938 362 997 404 sua
1020 341 1091 404 iura
1115 347 1240 421 natura,
1264 348 1297 403 et

21 484 23 489 r
88 438 150 502 hoc
174 442 257 504 intcr
280 464 378 505 avum
400 451 592 527 patremque
614 444 757 525 interest,
782 441 869 527 quod
885 465 947 507 avo
970 465 1045 506 suos
1061 465 1194 508 servare
1209 443 1294 526 licet,

87 546 172 629 patri
196 554 228 608 ct
244 545 402 610 occidere.
428 568 493 609 non
508 556 614 631 potes,
637 549 755 631 inquit,
779 550 826 610 sic
848 570 979 611 mecum
1008 570 1106 632 agere
1129 557 1296 633 tamquam

88 671 162 711 cum
185 647 299 732 aliene,
327 659 363 713 ut
387 650 494 714 dicas:
526 650 614 736 ‘quid
641 650 700 714 tibi
729 674 803 715 curn
831 651 910 715 illo?
943 653 1014 737 quis
1043 674 1077 715 es
1104 652 1171 715 tu?'
1205 654 1296 715 cuius

52 774 68 821 5
88 755 229 816 intestati
252 754 337 818 filius
360 764 433 818 tuus
450 754 545 818 heres
560 755 688 819 futurus
712 765 769 838 est,
793 778 891 840 quem
907 754 1091 819 dementem
1107 755 1296 840 alligaturus

88 866 145 919 est.
179 857 341 942 quaedam
364 860 435 922 iura
459 880 524 922 non
545 857 633 943 lege,
665 859 724 922 sed
747 869 863 923 natura
885 859 978 923 nobis
1003 858 1166 923 attributa.
1198 882 1294 945 nepo·

87 969 153 1023 tom
176 984 271 1024 suum
293 984 375 1025 avus
397 972 591 1047 peccantem
613 962 736 1048 aliquid
764 972 796 1027 ct
823 966 907 1027 inter
933 963 1074 1049 pueriles
1097 964 1184 1027 iocos
1207 972 1296 1049 petu-

86 1062 204 1128 lantius
232 1064 455 1129 lascivientem
481 1066 590 1149 feriet,
623 1089 684 1130 nec
715 1069 905 1131 iniuriarum
936 1069 1107 1153 quisquam
1140 1090 1214 1130 cum
1244 1066 1295 1131 illo

87 1179 171 1252 aget.
205 1179 237 1232 et
266 1169 411 1233 ultimam
441 1170 529 1234 illam
552 1170 657 1235 Gallio
688 1171 779 1254 fecit,
810 1194 885 1235 cum
912 1180 1085 1235 tractasset
1111 1171 1181 1236 illa:
1212 1170 1340 1236 ‘licet8

36 1294 68 1342 10
87 1272 176 1355 mihi,
204 1283 240 1336 ut
265 1277 397 1359 prosim,
425 1277 492 1337 uim
519 1275 649 1359 sacere',
681 1274 815 1339 deinde:
839 1274 847 1361 ΗΗ
871 1274 956 1339 ‘huic
986 1276 1130 1361 profuit':
1162 1298 1205 1339 an
1234 1296 1296 1339 avo

87 1377 323 1460 ignoscendum
350 1380 400 1461 sit,
432 1401 506 1442 cum
533 1400 592 1464 pro
620 1388 737 1465 nepote
766 1378 898 1443 adfectu
926 1378 1052 1443 ablatus
1079 1379 1201 1442 feccrit.
1234 1378 1296 1442 hoc

86 1480 157 1543 loco
173 1484 333 1565 tractavit,
358 1504 454 1567 quam
470 1482 640 1567 indignum
657 1492 743 1547 esset
759 1483 906 1547 damnari
922 1483 1012 1547 illum
1028 1482 1068 1547 ob
1084 1482 1156 1547 hoc.
1180 1484 1296 1547 Lnrno

88 1585 169 1648 duas
197 1585 336 1650 ultumas
365 1588 569 1672 quaestiones
597 1587 690 1651 aliter
718 1589 826 1673 posuit
856 1598 888 1651 ct
917 1588 990 1673 plus
1022 1587 1200 1672 conplexus
1231 1596 1295 1652 cst:

87 1692 212 1752 etiamsi
235 1692 302 1753 vim
324 1691 411 1773 fecit,
435 1714 477 1754 an
500 1700 610 1756 tamen
634 1691 780 1755 damnari
805 1713 869 1755 non
891 1693 1006 1776 pessit,
1031 1690 1165 1755 sibeno
1189 1694 1296 1755 animo

36 1816 67 1861 15
87 1794 220 1877 feeerit3
246 1795 380 1857 deinde:
404 1818 447 1857 aa
473 1794 552 1857 bono
577 1796 687 1858 cnloco
708 1794 842 1880 fecerit.
874 1798 919 1859 ait
946 1796 1032 1859 enim
1061 1804 1092 1859 et
1120 1794 1160 1859 (lc
1189 1798 1295 1859 animo

86 1899 157 1961 ficri
181 1901 434 1965 controversiam
457 1922 519 1963 avo
543 1909 575 1964 et
598 1899 708 1963 dicere
730 1908 874 1985 patrem:
902 1922 968 1964 non
995 1908 1031 1963 ut
1059 1909 1209 1985 nepotem
1233 1921 1296 1963 ser-

86 2014 188 2085 varet,
208 2003 295 2087 fecit,
323 2003 382 2067 sed
404 2013 440 2067 ut
461 2004 634 2068 infamaret
648 2026 787 2068 uxorem
802 2027 909 2069 meam
923 2012 1090 2088 tamquam
1104 2004 1297 2087 veneficam,

86 2131 138 2171 me
161 2117 327 2193 tamquam
350 2110 518 2173 veneficae
542 2112 791 2196 emancipatum,
816 2112 892 2195 quoi
914 2109 998 2174 male
1021 2107 1115 2172 liberi
1139 2110 1187 2172 sui
1213 2131 1295 2172 com-

86 2217 299 2278 mitterentur.
726 2208 728 2213 ’

34 2335 68 2382 2ο
175 2317 290 2382 Colore
312 2342 389 2404 ergo
405 2320 520 2382 Luruo
540 2318 602 2382 hoc
623 2319 739 2383 eodem
759 2340 836 2381 usus
858 2326 907 2381 est
922 2340 980 2402 pro
995 2325 1099 2402 patre,
1122 2326 1158 2379 ut
1174 2315 1297 2378 diceret
1319 2318 1340 2383 9

86 2445 127 2484 ne
151 2424 227 2486 viva
251 2423 382 2508 quidem
406 2447 508 2487 uxore
533 2423 617 2488 bene
641 2423 703 2487 sibi
727 2445 801 2486 cum
817 2443 929 2486 socero
947 2423 1147 2502 convenisse,
1170 2428 1296 2483 mortua

85 2550 164 2590 vero
188 2528 350 2612 professas
374 2531 556 2593 inimicitias
580 2529 669 2592 illum
692 2530 833 2614 gessisse
849 2549 971 2591 secum.
1004 2524 1178 2610 languente
1194 2546 1296 2609 puero

176 2672 222 2716 OD
246 2671 260 2715 2
280 2674 456 2734 patremquae
469 2674 495 2716 V
513 2665 521 2735 ΗΗ
540 2667 612 2735 suos]
633 2684 681 2717 uos
700 2673 727 2717 V
744 2665 753 2735 ΗΗ
771 2670 850 2718 verba
867 2682 921 2732 que
939 2667 1052 2715 interest
1071 2665 1143 2730 quod
1162 2680 1229 2714 auos
1246 2680 1296 2714 uos

86 2756 125 2803 bie
142 2772 190 2803 scr.
203 2760 255 2803 AB
268 2762 336 2820 poet.
350 2755 460 2805 toeodel.
474 2754 562 2813 A1213
576 2755 611 2822 et]
627 2758 709 2805 etiam
722 2754 759 2804 D²
771 2752 780 2821 ΗΗ
793 2756 828 2804 sit
840 2759 867 2801 V
879 2772 943 2803 corr.
957 2765 977 2803 τ
996 2750 1004 2819 Η
1022 2755 1039 2801 4
1053 2758 1120 2817 post.
1135 2768 1196 2801 cum
1212 2768 1260 2802 om.
1274 2756 1296 2801 0

87 2841 149 2889 add.
169 2848 215 2891 Da
232 2840 241 2907 Η
259 2845 320 2907 quis
339 2841 376 2908 es]
397 2844 451 2907 ΜΗ·
470 2846 563 2908 quies
583 2848 604 2892 G
623 2845 684 2909 quis
703 2849 743 2892 est
761 2849 795 2903 D,
811 2843 879 2906 fort.
898 2841 980 2906 *quis
1002 2837 1011 2908 ΗΗ
1033 2846 1064 2890 tu
1082 2858 1130 2890 coz.
1149 2846 1173 2889 D
1191 2837 1200 2907 ΗΗ
1219 2841 1296 2889 cuius

86 2946 134 2976 ona.
154 2934 205 2976 VD
224 2926 232 2996 ΗΗ
251 2933 266 2978 5
286 2928 335 2995 est]
357 2928 438 2995 Scap,
456 2932 491 2979 sit
510 2935 533 2979 0
553 2927 561 2997 Η
579 2933 658 2979 verbo
676 2944 757 2995 quem
776 2928 930 2978 dementem
949 2927 1110 2993 alligaturus
1128 2933 1169 2976 est
1187 2945 1239 2976 non
1250 2944 1296 2976 sao

85 3017 137 3063 loco
145 3018 233 3080 posita
245 3032 297 3066 esse
309 3033 374 3065 cetu.
392 3017 421 3066 0.
435 3017 508 3066 Jahn
525 3014 533 3084 ΗΗ
552 3014 652 3083 sslege]
666 3022 724 3079 De3
743 3016 819 3081 leges
832 3021 883 3065 ΑΒ
896 3014 984 3081 legem
992 3020 1023 3063 ,V
1041 3012 1049 3081 Η
1068 3014 1205 3065 adtributa
1217 3020 1269 3062 AB
1287 3008 1296 3079 ΗΗ

88 3102 101 3147 7
116 3117 180 3149 suus
192 3102 228 3149 D1
247 3099 255 3167 Η
274 3102 380 3152 8fieret
392 3108 416 3151 Β
434 3100 442 3170 ΗΗ
461 3103 538 3152 silla
550 3102 651 3168 galldio
667 3102 695 3167 (d
708 3102 767 3168 del.)
781 3108 807 3150 V
825 3099 834 3169 ΗΗ
853 3105 886 3152 10
904 3108 935 3151 ut
953 3102 1061 3167 prosim,
1080 3100 1145 3167 vim]
1167 3099 1247 3165 Saty,-
1265 3105 1295 3148 ut

85 3189 236 3250 proximum
248 3193 280 3249 0,
295 3190 376 3238 etiam
385 3191 478 3254 prosit,
488 3191 543 3239 vim
553 3189 638 3239 Liada
650 3188 658 3257 Η
672 3188 733 3255 avo]
747 3188 817 3249 D²c3
831 3188 884 3239 alio
896 3194 917 3238 0
929 3189 976 3239 alii
989 3189 1025 3238 D¹
1038 3187 1047 3256 ΗΗ
1061 3191 1092 3238 11
1106 3195 1233 3253 nepotem
1247 3192 1274 3236 A
1286 3184 1295 3254 Η

85 3275 201 3341 ablatus]
221 3277 276 3339 θνῃ-
288 3277 360 3326 latus
373 3280 410 3337 0;
429 3279 463 3342 cf.
472 3296 502 3343 p.
516 3279 576 3338 419,
589 3279 624 3325 10
636 3273 644 3343 ΗΗ
660 3278 690 3325 12
704 3275 748 3343 ob]
762 3277 832 3339 Νη
847 3276 880 3326 ab
894 3280 917 3325 0
936 3273 945 3343 ΗΗ
966 3278 996 3325 13
1010 3275 1121 3326 ultimas
1133 3281 1184 3323 VD
1203 3271 1211 3341 ΗΗ
1231 3288 1294 3339 que-

85 3363 187 3410 stiones
206 3368 259 3411 AV
278 3360 286 3430 Η
304 3363 387 3426 (hoc)
406 3364 466 3428 plus
485 3364 527 3413 Mt
544 3362 552 3430 Η
573 3367 605 3412 14
622 3347 706 3413 etiam
719 3379 798 3413 suum
810 3370 839 3413 A
856 3362 864 3430 Η
884 3364 955 3413 bona
967 3368 991 3411 Β
1010 3362 1018 3428 Η
1038 3366 1070 3412 15
1084 3361 1203 3412 *deinde
1216 3360 1294 3423 ada,-

85 3451 164 3496 oerbn
183 3465 217 3498 an
236 3451 306 3499 bono
326 3452 416 3499 animo
435 3451 531 3500 fecerit
548 3449 612 3499 adol.
633 3448 713 3515 Scap,-
731 3450 766 3515 ef.
780 3469 810 3516 p.
830 3453 891 3511 119,
910 3452 1056 3510 15.132‚6
1073 3446 1082 3515 ΗΗ
1103 3452 1134 3497 16
1149 3454 1176 3498 et
1187 3466 1235 3497 ont.
1249 3454 1272 3496 B
1284 3444 1294 3515 ΗΗ

88 3537 119 3583 17
139 3542 249 3600 taquam
269 3543 296 3586 A
314 3534 322 3604 ΗΗ
341 3536 490 3586 beneficam
509 3542 560 3586 AB
579 3534 587 3603 Η
609 3538 639 3585 18
658 3536 781 3587 benefice
799 3541 851 3586 AB
869 3535 993 3586 uenefice
1006 3541 1057 3585 VD
1076 3534 1084 3603 f,
1104 3534 1177 3601 quoi]
1193 3534 1294 3598 Sciron,-

85 3640 140 3687 quo
155 3628 175 3672 0
190 3626 234 3672 cui
246 3631 271 3673 D
289 3622 291 3689 2
316 3623 489 3688 commu(·mi
501 3623 666 3689 sperentur
678 3630 729 3674 ΑΒ
747 3622 756 3692 Η
775 3626 806 3673 21
820 3624 941 3689 <priore>
952 3639 1037 3673 uxore
1049 3629 1074 3672 D
1087 3620 1097 3691 ΗΗ
1108 3621 1223 3689 mortua]
1234 3628 1292 3686 En

87 3715 134 3758 tua
153 3717 204 3759 AB
224 3718 284 3760 tuas
304 3717 330 3759 V
348 3727 410 3761 suas
428 3718 452 3760 D
476 3709 484 3779 Η
507 3714 540 3760 22
560 3710 702 3778 professas]
719 3718 758 3774 D;
778 3711 898 3776 professa
915 3712 965 3759 sim
985 3714 1006 3758 0
1024 3711 1162 3774 professus
1178 3722 1199 3758 z
1215 3708 1299 3771 tt‘mk-

87 3799 212 3846 mititiam
232 3804 259 3847 A
277 3794 285 3864 Η
305 3796 464 3867 languente]
483 3804 543 3863 Du;
562 3798 744 3867 languentem
761 3802 784 3849 0
799 3794 816 3867 Η
829 3813 899 3849 uero
918 3798 1058 3862 <genereo
1072 3800 1104 3841 Ὦ
1161 3874 1182 3917 Η

132 3891 213 3927 Seneca
227 3891 307 3931 rhetor.
1141 3876 1167 3921 ἢ·
