2760 4110
627 138 823 189 EXCERPTA

704 330 746 393 ΙΙ.

400 486 530 536 roarrs
549 487 625 537 uou
645 486 787 538 cunnus
805 487 917 538 roam
935 487 1055 537 rarat

210 606 290 670 Viro
306 605 381 670 forti
396 609 586 692 praemium.
612 609 638 671 si
653 607 763 693 plures
780 617 884 691 amnt,
900 607 1020 671 iudicio
1036 608 1263 673 contendant.

255 711 354 774 Pater
370 719 402 774 et
416 711 500 774 filius
523 711 647 775 fortiter
669 712 826 776 fecerunt.
858 715 938 798 petit
952 710 960 797 Η
975 721 1069 799 pater
1085 736 1106 776 a
1122 712 1210 797 filio,
1227 723 1267 777 ut

213 815 273 879 sibi
288 815 434 898 cederet3
446 814 498 879 ille
510 816 619 880 noluit.
634 816 752 880 iudicio
763 817 1011 901 contenderunt3
1020 819 1100 882 vicit
1110 827 1263 902 patrem.

212 922 293 1005 petit
315 922 460 1006 praemio
485 929 606 985 statuas
629 923 722 1006 patri.
754 921 934 987 abdicatmn

213 1023 321 1103 Quem
352 1035 460 1110 optem
492 1027 601 1089 nescio
631 1025 744 1090 iudicii
773 1026 868 1090 huius
901 1036 1071 1110 eventum,
1104 1050 1187 1092 cum
1223 1031 1352 1093 crimen

125 1151 234 1192 meum
255 1130 295 1192 sit
309 1131 437 1193 vicisse.
461 1131 587 1214 patriae
607 1129 764 1194 iudicium
784 1130 901 1215 habeo,
924 1133 1024 1216 patris
1044 1130 1191 1216 perdidi.
1218 1135 1351 1218 patrem

125 1235 158 1296 in
182 1234 252 1296 acie
274 1232 357 1315 vidi,
385 1235 530 1318 pugnavi
554 1256 628 1298 cum
652 1234 810 1319 exemplo.
842 1235 997 1299 iudicium
1019 1245 1127 1319 vocat,
1157 1258 1230 1321 quo
1254 1247 1352 1323 pater

127 1348 158 1401 et
180 1336 264 1421 filius
288 1337 390 1422 spolia
418 1338 634 1402 contulimus?
665 1340 730 1402 vici
758 1361 823 1403 non
844 1338 928 1402 filius
955 1348 1095 1424 patrem,
1125 1339 1190 1403 sed
1215 1343 1375 1406 iuvenisl

127 1463 246 1505 senem.
280 1462 340 1525 ego
363 1442 438 1525 vici,
462 1441 520 1505 sed
544 1463 654 1505 omnes
678 1442 830 1526 gratulati
854 1453 928 1506 sunt
949 1443 1043 1528 patri.
1068 1445 1219 1527 cogitavi
1243 1446 1350 1511 Hora·

126 1548 206 1610 tium
220 1545 377 1609 Etruscas
400 1547 488 1609 acies
505 1567 639 1631 corpore
664 1567 721 1609 suo
742 1546 1003 1629 submoventem3
1028 1549 1170 1630 cogitavi
1187 1549 1349 1634 Decium,

128 1650 182 1734 qui
206 1670 267 1712 nec
290 1650 359 1734 ipse
383 1652 467 1735 patri
492 1652 596 1714 cessit.
629 1650 818 1735 pugnabam
840 1672 905 1715 non
932 1659 1058 1714 tantum
1077 1652 1266 1736 inperatori
1291 1653 1348 1719 sed

128 1754 225 1817 etiam
252 1755 345 1839 patri.
377 1754 493 1817 avidus
523 1776 594 1818 sum
621 1754 760 1840 gloriae:
792 1754 854 1818 hoc
882 1756 909 1817 si
931 1757 1045 1819 vitium
1073 1763 1136 1838 est,
1165 1767 1349 1841 paternum

129 1867 186 1921 est.
210 1856 332 1942 pudeat
348 1866 387 1934 tc,
410 1867 514 1942 pater,
538 1859 564 1920 si
587 1868 619 1922 te
635 1859 713 1922 vicit
735 1858 819 1921 filius
840 1857 1052 1922 abdicandus.
1079 1879 1140 1942 ego
1155 1864 1374 1944 praemiuml

129 1960 244 2044 habeo,
268 1970 303 2024 tu
326 1971 358 2024 et
379 1963 560 2046 praemium
584 1972 616 2025 et
635 1964 742 2026 virum
764 1962 889 2026 fortem.
913 1964 1050 2026 virtutes
1066 1972 1200 2026 nostrae
1219 1965 1347 2031 silentio

129 2065 372 2150 praeterissent:
389 2065 577 2129 inlustratae
593 2074 677 2149 sunt,
696 2065 774 2130 dum
790 2066 1007 2130 conferuntur.
1028 2065 1267 2134 iudicaverunt
1282 2092 1347 2134 non

132 2168 218 2253 quod
247 2178 330 2253 crat,
359 2169 417 2233 sed
445 2168 532 2254 quod
559 2179 591 2232 tc
619 2168 714 2233 malle
743 2169 931 2235 credebant.
963 2169 1066 2233 honor
1092 2168 1137 2232 ad
1164 2180 1347 2259 utrumque

130 2274 292 2358 pervenit:
316 2272 398 2337 alter
420 2275 600 2358 praemium
624 2272 733 2357 habet,
757 2273 838 2338 alter
860 2275 996 2359 accepit.

219 2377 300 2441 Pars
323 2377 434 2442 altera.
465 2377 548 2441 Nolo
571 2377 718 2442 habitare
743 2400 816 2442 cum
839 2378 1026 2442 adversario
1049 2400 1135 2441 meo:
1164 2401 1234 2444 non
1262 2384 1347 2468 capit
1368 2400 1380 2430 2*

131 2480 219 2545 idem
237 2481 484 2546 contubernium
506 2483 629 2546 victum
652 2494 684 2545 et
698 2483 804 2545 virum
826 2482 951 2546 fortem.
980 2484 1120 2546 ‘statuas'
1143 2484 1256 2567 inquit
1279 2487 1345 2550 ‘tibi

131 2589 244 2670 posui':
268 2589 375 2670 immo,
396 2610 437 2651 ne
460 2609 589 2672 possem
616 2608 771 2671 umquam
793 2588 915 2650 victum
942 2609 994 2650 mc
1018 2586 1178 2671 oblivisci,
1208 2591 1345 2674 ignomi-

133 2693 219 2755 niam
241 2713 348 2755 meam
370 2694 403 2755 in
426 2713 482 2755 aes
505 2689 654 2754 incidisti.

222 2963 298 3018 MPd
323 2971 337 3017 2
356 2971 435 3019 oet-hc
452 2969 529 3018 fortis
547 2985 602 3018 non
616 2970 714 3019 cedens
732 2969 794 3018 forti
813 2970 883 3033 patri
898 2975 958 3033 post
970 2969 1118 3033 praemium
1132 2969 1168 3029 (v.
1181 2971 1210 3030 3)
1225 2971 1346 3037 Ieyzmtar

134 3059 163 3105 ia
182 3051 202 3105 d
223 3054 225 3085 ³
255 3058 269 3104 3
283 3056 349 3119 fort.
369 3056 461 3119 κείω
479 3058 513 3119 si;
532 3058 565 3120 cf.
579 3056 723 3105 Piericam
742 3055 778 3105 ad
796 3056 821 3105 k.
835 3057 850 3105 I.
870 3052 878 3122 ΗΗ
897 3060 974 3105 erant
991 3060 1015 3104 P
1034 3060 1091 3104 erat
1110 3049 1130 3104 d
1147 3052 1155 3115 Η
1174 3059 1347 3108 contendant

135 3160 200 3192 corr.
220 3160 251 3192 ec
269 3143 368 3192 cedant
386 3138 406 3193 d
424 3142 432 3197 Η
450 3146 467 3192 1
485 3144 565 3207 petiit
583 3143 627 3191 Μ3
646 3143 706 3205 (Bc)
730 3140 738 3209 ΗΗ
761 3146 776 3192 ὁ
797 3143 918 3192 crederet
937 3138 957 3192 d
979 3139 988 3209 ΗΗ
1010 3144 1026 3191 6
1038 3144 1105 3206 fort.
1123 3142 1203 3206 <pro>
1221 3147 1346 3208 praemio

135 3229 188 3292 Mt·
206 3231 351 3294 qt2p.365,
368 3234 399 3279 15
418 3228 426 3297 Η
445 3232 527 3295 patris
546 3224 610 3279 M³d
628 3226 636 3295 ΗΗ
654 3229 795 3279 abdicatus
813 3228 849 3294 (t)
868 3229 910 3278 Μ1
923 3246 989 3278 corr.
1002 3228 1046 3277 Μ3
1064 3226 1072 3293 ΗΗ
1091 3229 1105 3276 7
1125 3235 1216 3293 optem
1237 3233 1310 3296 (rap.
1330 3249 1346 3298 p

134 3315 235 3380 aliquid
253 3320 332 3377 era-c.)
352 3324 383 3366 Μ
401 3315 409 3383 Η
427 3318 443 3366 8
463 3318 497 3365 sit
515 3316 574 3365 rad.
588 3333 653 3365 corr.
667 3315 720 3366 oid.
739 3333 790 3366 aare
808 3332 840 3365 cx
857 3315 888 3365 fit
907 3319 934 3365 tn
953 3322 984 3364 M
1006 3312 1015 3382 ΗΗ
1039 3317 1054 3363 9
1073 3317 1149 3364 aciae
1168 3320 1200 3363 M
1218 3319 1278 3367 atie
1297 3324 1321 3368 P

136 3407 214 3454 cerba
227 3403 355 3452 iudicium
369 3410 448 3453 uocat
461 3421 508 3453 out.
521 3408 544 3451 P
563 3402 565 3458 ζ
591 3406 623 3452 10
637 3406 714 3453 verbo
726 3419 780 3452 non
801 3442 805 3452 .
821 3442 826 3452 .
841 3440 847 3452 .
867 3417 917 3467 ego
931 3404 984 3452 vici
997 3405 1032 3463 (o.
1049 3404 1091 3464 11)
1104 3419 1151 3451 om.
1164 3408 1188 3451 P
1208 3402 1216 3469 Η
1233 3405 1348 3457 iuuenis

135 3509 201 3541 corr.
214 3508 245 3540 ex
258 3492 372 3539 iuuenes
385 3497 416 3540 M
463 3493 493 3539 11
509 3491 622 3539 oratiam
636 3487 732 3557 ΜΡβν
751 3487 753 3555 Η
769 3493 799 3538 12
813 3496 945 3539 ettruscas
957 3495 980 3537 P
1017 3492 1047 3538 15
1056 3492 1135 3554 princ
1147 3488 1197 3539 *te
1210 3490 1294 3555 add.,·
1312 3494 1347 3557 cf.

133 3597 162 3643 p.
176 3581 236 3639 468,
249 3580 283 3626 11
296 3574 304 3643 ΗΗ
317 3577 404 3626 uincit
415 3583 438 3626 P
451 3576 459 3643 J
474 3579 505 3626 16
518 3582 548 3626 tu
562 3575 598 3643 et]
612 3582 688 3626 tuum
703 3581 763 3626 etP
776 3578 826 3626 tiui
837 3571 857 3626 d
869 3572 877 3644 ΗΗ
890 3581 996 3625 vestrae
1007 3574 1116 3638 Seneca5
1128 3577 1162 3640 cf.
1172 3594 1201 3640 p.
1212 3578 1276 3639 46³1,
1290 3582 1326 3628 17
1339 3626 1349 3643 Η

138 3667 170 3714 19
184 3666 289 3730 accepit
301 3663 327 3728 (e
336 3681 401 3714 corr.
412 3682 444 3714 ea
456 3665 475 3728 i)
489 3669 525 3726 ΡΗ
537 3665 572 3728 cs.
578 3681 608 3728 p.
620 3665 707 3725 471,1
722 3660 730 3729 ΗΗ
744 3664 777 3712 20
787 3666 864 3713 verba
877 3679 937 3712 cum
951 3662 1104 3713 adversario
1117 3680 1164 3712 om.
1174 3667 1198 3711 P
1211 3660 1219 3728 Η
1233 3665 1267 3713 21
1282 3682 1347 3715 oon·
1360 3690 1370 3735 Ι·

137 3751 291 3801 tubernium
311 3768 376 3802 corr.
395 3768 428 3802 ea
446 3750 665 3801 cumtubernium
685 3755 717 3798 M
735 3750 955 3800 conturbernium
973 3754 997 3798 P
1020 3747 1031 3814 Η
1051 3752 1084 3799 22
1103 3764 1233 3813 umquam
1252 3768 1303 3802 oar.
1322 3758 1349 3803 P
