2760 4110
557 228 784 280 readunari
1201 207 1266 273 585

66 384 209 469 regibus,
233 385 385 470 aquibus
409 395 441 449 et
456 395 552 449 aucta
576 388 616 449 sit
636 394 668 449 et
691 383 867 469 disciplinis
890 383 1036 469 pluribus
1051 385 1267 468 institutisque

66 488 212 552 formata.
245 499 371 553 atvero
388 489 563 575 Tarquinio
579 498 746 574 regnante,
771 511 845 552 cum
867 490 933 552 iam
948 491 1040 574 quasi
1063 487 1173 552 adulta
1197 509 1268 551 esse
1343 531 1344 535 =

68 595 235 678 coepisset,
260 596 425 657 servitium
447 615 511 657 non
531 594 641 658 tulisse
665 603 697 658 et
716 595 835 657 reiecto
860 593 1021 678 superbae
1045 592 1268 657 dominationis

68 699 143 781 iugo
167 697 317 761 maluisse
339 697 466 782 legibus
490 697 715 783 obtemperare
733 719 831 782 quam
854 696 996 781 regibuS,
1021 719 1159 782 cumque
1184 706 1269 760 esset

32 819 49 866 5
69 800 288 865 adulescentia
312 804 380 864 eins
403 802 467 865 fine
483 802 598 865 Punici
614 800 689 865 belli
705 804 885 883 terminata,
908 810 976 864 tum
993 800 1133 886 denique
1156 800 1269 864 confir·

68 906 161 968 matis
172 905 296 968 viribus
310 908 454 991 coepisse
471 907 691 969 iuvenescere.
716 904 843 968 sublata
859 907 946 968 enim
961 904 1169 989 Carthagine,
1185 926 1269 989 quae

69 1009 124 1072 diu
140 1009 266 1073 aemula
289 1011 414 1094 imperii
436 1009 505 1092 fuit,
528 1031 644 1073 manus
665 1031 739 1072 suas
762 1011 796 1072 in
815 1018 917 1072 totum
940 1007 1052 1072 orbem
1074 1017 1161 1072 terra
1177 1010 1269 1071 mari·

69 1136 131 1198 que
154 1116 312 1199 porrexit,
342 1113 445 1178 donec
468 1114 600 1199 regibus
624 1117 748 1178 cunctis
776 1123 808 1177 et
830 1113 1011 1177 nationibus
1038 1114 1172 1198 imperio
1197 1112 1269 1176 sub·

68 1219 199 1301 iugatiS,
229 1240 302 1281 cum
325 1221 390 1282 iam
412 1217 568 1282 bellorum
596 1220 731 1282 materia
754 1216 923 1300 deficeret,
950 1216 1075 1281 viribus
1099 1219 1163 1281 suis
1186 1216 1270 1280 male

18 1341 49 1388 10
67 1332 221 1405 uteretur,
245 1322 363 1407 quibus
386 1345 421 1386 se
440 1326 511 1408 ipsa
527 1321 674 1386 confecit.
706 1321 787 1385 haec
810 1320 870 1385 suit
891 1323 996 1406 prima
1019 1322 1088 1384 eius
1110 1331 1269 1401 senectus,

70 1449 143 1489 cum
166 1425 259 1489 bellis
286 1425 428 1490 lacerata
452 1425 600 1490 civilibus
623 1435 719 1512 atque
747 1427 895 1489 intestino
918 1424 1001 1488 malo
1024 1446 1136 1510 pressa
1159 1445 1270 1488 rursus

69 1530 111 1592 ad
134 1532 280 1615 regimen
304 1530 474 1615 singularis
494 1532 619 1616 imperii
643 1529 758 1594 recidit
781 1532 872 1616 qnasi
888 1529 930 1593 ad
946 1529 1080 1593 alteram
1102 1528 1270 1593 infantiam

68 1634 223 1698 revoluta.
255 1637 373 1699 amissa
405 1637 490 1698 enim
519 1634 678 1717 libertate,
710 1657 807 1720 quam
834 1635 935 1698 Bruto
967 1634 1049 1698 duce
1081 1643 1113 1697 et
1138 1642 1270 1697 auctore

70 1737 270 1820 defenderat,
294 1740 338 1802 ita
355 1741 531 1822 consenuit,
547 1749 713 1824 tamquam
728 1747 907 1802 sustentare
923 1760 958 1801 se
973 1739 1043 1822 ipsa
1058 1758 1122 1802 non
1137 1735 1271 1819 valeret,

19 1864 50 1910 15
70 1844 131 1905 nisi
150 1841 344 1906 adminiculo
362 1845 544 1926 regentium
562 1852 707 1906 uteretur
719 1841 755 1928 1).
779 1841 927 1904 Lactaut.
944 1841 1019 1903 ieet.
1038 1840 1102 1903 div.
1116 1840 1269 1917 7,15,14.

157 1945 186 2008 2.
212 1944 360 2009 Seneca
384 1968 458 2009 eum
479 1945 675 2032 (Tiberium)
698 1945 810 2010 scribit
831 1945 994 2009 intellecta
1018 1944 1199 2009 defectione
1216 1967 1270 2009 ex-

70 2059 212 2134 emptum
233 2049 365 2113 anulum
388 2052 480 2135 quasi
496 2050 591 2114 alicui
613 2050 807 2115 traditurum
822 2072 997 2134 parumper
1019 2051 1171 2132 tenuisse,
1196 2048 1272 2112 dein

70 2175 181 2217 rursus
210 2164 338 2239 aptasse
367 2154 466 2240 digito
495 2165 527 2219 et
553 2177 739 2241 compressa
767 2151 895 2219 sinistra
923 2176 1022 2218 manu
1049 2155 1186 2217 iacuisse
1215 2151 1270 2215 diu

70 2257 266 2321 immobilem
296 2258 467 2344 subitoque
488 2261 612 2323 vocatis
642 2261 797 2329 ministris
824 2282 864 2322 ac
894 2260 1023 2322 nemine
1053 2255 1270 2343 respondente

14 2385 51 2432 20
71 2365 313 2427 consun·exisse
339 2386 401 2427 nec
432 2364 543 2448 procul
569 2387 589 2428 a
615 2364 732 2428 lectulo
764 2362 988 2428 deficientibus
1015 2362 1139 2426 viribus
1166 2363 1269 2426 conci·

70 2465 163 2529 disse.
197 2464 285 2529 Suet.
314 2467 384 2530 Tib.
409 2469 460 2530 73.

159 2659 177 2722 ¹)
197 2658 237 2709 cf.
257 2660 327 2709 Flor.
348 2661 361 2709 1
381 2660 463 2725 praef.
483 2662 497 2722 ξ
516 2662 532 2708 4
551 2675 607 2725 seq.
707 2672 710 2675 ·
