2760 4110
93 209 117 256 p.
135 193 186 240 319
205 192 238 240 x.
504 191 578 241 nm.
591 191 644 240 vu
671 190 768 257 apr),
781 192 876 241 8-11.
1225 168 1291 234 295

91 369 188 432 quem
210 347 253 411 ad
276 346 476 431 Ciceronem,
498 355 535 410 ut
557 348 655 410 sciret
676 356 709 411 ct
729 347 870 431 fugeret3
894 368 1028 410 necesse
1045 356 1132 410 certe
1152 344 1292 411 nonfuit

90 472 222 516 manum
245 463 406 538 caputque
429 451 618 538 praecidere
641 462 777 517 mortuo.

177 556 326 621 Colorem
347 579 406 642 pro
430 557 562 643 Popillio
585 558 699 620 Larno
723 557 899 642 simplicem
923 556 1049 621 habuit:
1070 584 1078 643 :2
1098 559 1290 621 necessitate
1315 553 1356 618 10

90 672 237 725 coactum
259 663 390 744 fecissc3
422 672 454 726 ct
476 661 536 725 hoc
559 662 630 725 loco
652 661 740 726 illam
762 664 953 725 sententiam
977 661 1072 725 dixit:
1103 665 1240 745 mirariS,
1264 665 1290 726 si

53 784 127 829 aco
154 777 298 851 tempore
325 790 458 830 necesse
485 767 544 830 fuit
566 765 699 851 Popillio
728 765 892 849 occidere,
922 788 984 851 quo
1008 765 1156 830 Ciceroni
1183 766 1289 831 mori?

87 870 249 934 Arsvcrvs
266 871 347 935 dixit
369 874 403 934 in
425 893 563 957 poenam
586 869 751 934 Ciceronis
775 869 816 931 ab
839 868 981 932 Antonio
1005 871 1144 934 electum
1166 872 1289 934 amicis-

88 977 203 1038 simum
226 975 384 1058 Ciceroni,
407 978 499 1060 quasi
523 974 777 1060 exprobraturus
799 998 859 1060 per
881 974 942 1038 hoe
957 974 1000 1038 illi
1016 975 1177 1038 fortunam
1194 983 1287 1039 esset.

86 1078 259 1161 molestiuS,
276 1083 388 1165 inquit,
404 1081 487 1144 feret
502 1102 536 1144 se
549 1104 568 1143 a
580 1079 714 1165 Popillio
731 1079 833 1144 occidi
851 1102 947 1164 quam
960 1079 1073 1143 occidi.
1091 1080 1289 1143 blancamvs

86 1184 289 1248 Ansnnmxvs
321 1185 461 1249 eundem
492 1185 631 1248 colorem
666 1184 758 1248 aliter
792 1183 929 1248 induxit.
967 1183 1143 1269 cogitabat,
1174 1186 1288 1269 inquit,

35 1306 67 1352 10
87 1310 197 1352 secum
220 1289 397 1353 Antonius:
429 1289 516 1375 quod
539 1288 686 1353 Ciceroni
716 1287 909 1373 excogitabo
937 1288 1153 1374 supplicium?
1184 1288 1287 1352 occidi

87 1394 230 1456 iussero?
262 1392 336 1457 olim
358 1395 422 1456 iam
445 1392 603 1457 adversus
625 1393 712 1456 hunc
735 1401 856 1457 metum
877 1396 1031 1457 emunivit
1046 1396 1203 1458 animum:
1228 1396 1287 1457 scit

85 1508 219 1561 mortem
242 1520 304 1561 nec
326 1500 519 1561 inmaturam
542 1519 613 1561 csse
630 1498 789 1561 consulari
812 1521 871 1561 nec
888 1500 1038 1562 miseram
1055 1500 1205 1583 sapienti3
1229 1498 1286 1562 fiat

83 1601 204 1686 aliquid
228 1604 312 1685 novi,
336 1602 422 1687 quod
445 1625 509 1666 non
525 1612 686 1687 expectat,
710 1602 796 1687 quod
813 1625 877 1666 non
892 1605 995 1685 timet,
1019 1626 1084 1667 non
1099 1603 1285 1689 indignatur

83 1709 244 1770 cervicem
267 1708 349 1771 hosti
371 1710 552 1793 porrigere,
585 1706 806 1791 indignabitur
829 1707 945 1771 clienti.
976 1707 1147 1793 Popillium
1169 1708 1283 1795 aliquis

32 1828 62 1873 15
82 1820 185 1894 vocet,
209 1821 244 1874 ut
260 1813 349 1895 sciat,
374 1820 529 1897 quantum
544 1810 588 1875 illi
604 1811 728 1875 defensi
751 1814 797 1875 rei
812 1812 1000 1897 profuerint.
1026 1811 1101 1876 Srno
1117 1814 1280 1878 Pournrvs
1305 1819 1344 1883 11

81 1914 141 1978 hoc
170 1915 275 1979 colore
301 1938 379 1979 usus
407 1926 469 1980 est:
503 1915 702 1999 offendebar,
732 1917 843 2000 inquit,
866 1919 1100 2002 proscriptione
1128 1927 1160 1981 ct
1186 1940 1281 2003 quae-

80 2017 155 2082 dam
181 2019 313 2083 libcrius
340 2019 505 2106 loquebar.
537 2023 613 2085 ‘non
639 2022 753 2100 miror3
786 2019 950 2085 Ciceronis
979 2021 1078 2084 cliens
1107 2044 1158 2086 es:
1190 2032 1279 2087 tanto

78 2127 180 2207 magis
212 2125 323 2188 occido
354 2124 544 2189 Ciceronem
574 2128 684 2189 tuum'.
717 2133 749 2189 ct
776 2125 858 2189 dixit
887 2148 952 2190 non
983 2148 1060 2190 suae
1087 2128 1279 2193 infirmitatis

78 2231 285 2293 sententiam:
315 2239 468 2315 uterquc,
499 2232 619 2315 inquit,
651 2229 709 2292 sed
741 2229 868 2293 divorso
900 2252 1021 2313 genere
1050 2234 1182 2316 punitus
1213 2244 1277 2298 est:

24 2347 58 2394 20
77 2330 242 2395 Ciceronis
264 2335 454 2418 proscriptio
477 2334 537 2396 fuit
560 2333 675 2416 occidi,
698 2356 771 2396 mca
795 2333 952 2397 occidere.
977 2336 1163 2419 Mnavnnvs,
1186 2360 1277 2421 prae-

76 2448 187 2520 ccptor
209 2447 326 2520 noster,
351 2440 397 2500 sic
413 2440 569 2501 narravit:
592 2439 693 2520 iussit,
716 2439 829 2522 inquit,
852 2440 1034 2522 imperator,
1058 2441 1149 2504 iussit
1162 2442 1276 2525 victor,

73 2541 164 2603 iussit
191 2543 244 2625 qui
271 2541 513 2626 proscribebat:
544 2563 605 2625 ego
633 2540 677 2603 illi
704 2562 824 2624 negare
852 2544 1026 2626 quicquam
1051 2566 1195 2628 possem,
1224 2548 1275 2609 cui

74 2645 150 2708 nihil
172 2655 299 2730 poterat
321 2668 442 2729 negare
462 2644 682 2730 respublica?
706 2646 858 2709 Barnous
881 2644 942 2709 hoc
967 2647 1086 2711 colore:
1110 2649 1206 2733 volui,
1229 2652 1274 2715 in-

73 2752 149 2833 quit,
172 2773 224 2813 me
248 2772 425 2832 excusare3
449 2749 531 2813 dixi:
557 2750 685 2814 ‘Cicero
708 2772 760 2813 mc
784 2749 948 2833 defendit,
971 2753 1154 2840 respondit:
1179 2757 1272 2839 ‘sci03

19 2870 51 2915 aa
71 2876 122 2916 mo
153 2856 327 2917 accusavit.
360 2855 370 2916 i
400 2876 488 2937 ergo,
517 2864 554 2917 ut
583 2856 664 2918 sciat
692 2854 764 2939 plus
796 2854 857 2917 sibi
883 2855 1004 2920 Antoni
1033 2860 1272 2925 accusationem

156 3120 201 3165 OD
227 3118 239 3163 1
264 3117 358 3180 fugere
380 3121 431 3164 AB
459 3113 467 3184 li
494 3119 509 3164 3
533 3115 609 3181 pillio
632 3121 654 3166 0
677 3134 742 3166 oorr.
760 3116 799 3165 V²
820 3115 829 3185 {l
852 3119 867 3165 6
891 3133 987 3182 ponam
1006 3124 1057 3168 AB
1081 3135 1197 3185 paenam
1216 3129 1244 3172 V
1261 3123 1269 3191 Η

66 3203 99 3250 ab
119 3204 237 3253 Antonio
256 3202 319 3253 odd.
342 3203 380 3254 Gz
407 3264 410 3269 ‚
434 3205 448 3251 7
468 3205 598 3253 ciceronis
616 3209 667 3253 VD
686 3202 695 3272 ll
708 3211 768 3269 poet
787 3219 835 3269 per
852 3206 889 3252 V¹
909 3205 951 3254 illi
968 3208 1078 3256 scribere
1096 3213 1190 3274 corpu,-
1211 3228 1267 3259 mam

67 3292 85 3340 il
103 3295 254 3356 comprimet,
274 3291 282 3340 l
302 3295 331 3341 io
349 3291 367 3340 h
385 3295 500 3353 natitavit,
518 3299 547 3341 ot
564 3310 632 3341 onoc
649 3296 696 3343 rit.-
714 3293 823 3358 perihoc
841 3291 849 3355 i
868 3293 941 3342 illius
954 3295 992 3342 V²
1010 3294 1051 3343 illi
1069 3298 1177 3359 <suam>
1194 3304 1240 3347 D‘c
1257 3294 1265 3366 Η

65 3381 80 3427 ‘J
100 3382 265 3428 aeserminus
283 3385 307 3428 B
326 3376 335 3447 Η
355 3382 384 3428 11
405 3394 510 3429 mecum
529 3385 556 3428 V
573 3376 582 3447 l!
602 3382 633 3429 12
652 3382 686 3445 cf.
709 3380 760 3431 Cic.
778 3384 808 3431 ia
823 3380 879 3431 Cat.
892 3383 948 3441 4,3
965 3386 990 3432 et
1009 3382 1078 3432 Pau.
1091 3386 1117 3444 2,
1130 3385 1202 3435 119.
1226 3386 1264 3433 in-

66 3474 198 3515 maturum
218 3472 272 3515 Av
290 3464 299 3534 ll
319 3469 351 3515 13
369 3466 555 3532 indignabitur
572 3473 597 3516 D
616 3465 624 3536 Ν
645 3470 676 3517 15
694 3470 760 3533 reip.
780 3474 806 3517 V
823 3470 853 3517 in
871 3485 891 3517 r.
911 3485 935 3533 p.
954 3473 979 3517 D
1003 3466 1011 3533 ,l
1037 3472 1067 3518 17
1087 3467 1183 3535 loquar
1200 3472 1258 3519 V¹'

63 3551 100 3620 cs]
120 3554 173 3616 Ia,-
191 3562 232 3603 est
250 3559 273 3604 0
297 3552 305 3622 Η
329 3556 362 3603 20
380 3554 502 3604 marillus
520 3561 574 3604 AV
592 3555 736 3620 marryllus
754 3562 778 3604 B
801 3555 940 3619 maryllius
958 3562 982 3605 D
1006 3554 1014 3573 '¹
1038 3558 1071 3605 22
1090 3573 1167 3621 posse
1185 3563 1236 3607 AB

63 3643 95 3689 ²23
114 3643 171 3706 reip
190 3646 240 3690 AB
259 3639 268 3708 ll
287 3642 337 3691 hoc
361 3641 462 3691 colore:
481 3641 565 3704 volui,
583 3641 682 3709 inquit]
702 3643 769 3705 Koa·
791 3643 842 3692 hoe
865 3644 954 3708 inquit
977 3641 1036 3692 loco
1055 3643 1132 3693 uolui
1151 3649 1188 3707 0,
1212 3646 1262 3695 hoe

62 3727 133 3778 loco:
153 3728 236 3790 volui,
256 3731 345 3796 inquit
366 3730 422 3779 Otto
440 3731 492 3780 coll.
511 3732 572 3780 υ.4
594 3727 602 3797 Ἰ
626 3731 660 3779 24
683 3730 751 3781 dixit
768 3735 819 3779 AB
844 3728 852 3795 ll
877 3731 1030 3779 ciceronem
1048 3736 1075 3779 A
1099 3734 1219 3781 ciceroni
1237 3739 1265 3780 R

61 3817 184 3866 cicerone
204 3818 240 3864 V¹
259 3815 267 3886 l]
285 3816 351 3884 scio]
371 3818 418 3867 sed
437 3818 478 3869 Fe
