2760 4110
68 195 93 241 p.
116 178 147 225 12
166 178 199 226 u.
556 178 579 237 1,
600 176 714 235 15-163
734 175 758 237 a,
773 175 796 223 1.
1211 158 1275 223 531

69 354 164 413 sana,
195 326 352 416 potuisset
383 331 468 393 enim
499 329 585 412 fieri,
616 338 650 392 ut
677 350 736 392 vos
759 331 863 413 magis
896 328 951 393 illa
980 330 1167 415 laudaretis,
1192 354 1276 417 quae

68 438 241 500 insaniunt.
281 447 313 498 at
344 434 443 498 nihilo
476 436 582 497 minus
617 434 734 517 poterit
764 433 849 516 fieri,
881 437 1029 520 quamvis
1062 435 1274 501 distinxerim.

68 540 121 604 illa
144 540 228 603 belle
253 539 352 602 dixit:
379 591 385 601 .
404 589 410 601 .
430 590 436 602 .
456 589 461 600 .
480 537 538 601 sed
562 538 653 620 feeit,
676 538 764 623 quod
788 538 921 621 solebat,
945 548 981 602 ut
1004 542 1196 604 sententiam
1220 541 1274 605 ad-

68 646 204 707 iectione
228 665 431 728 supervacua
454 653 551 726 atque
574 641 697 705 tumida
719 641 889 726 perderet,
918 642 1036 707 adiecit
1059 647 1163 709 cuim:
1189 697 1273 709 ....

29 768 46 815 5
66 748 145 811 illud
166 746 324 832 quosdam
348 745 463 809 dubios
486 745 586 809 iudici
609 748 657 808 sui
681 744 780 810 habet
795 785 838 792 —
855 769 914 831 ego
938 770 1003 811 non
1027 748 1138 812 dubito
1163 760 1276 814 eontra

68 854 259 916 sententiam
281 852 366 914 ferre
394 874 454 914 -ε
483 852 585 929 ὑγίαινε
608 858 660 931 γῆ,
684 851 788 929 ὑγίαινε
815 853 880 927 ἥλιε
906 870 912 885 ·
937 853 1102 924 Μακεδόνες
1127 857 1179 932 ἄρα
1203 858 1275 933 χάος

84 957 91 975 ἱ
121 956 126 975 i

69 979 230 1035 εισᾳσσευσι.

647 1178 699 1243 II.

153 1373 305 1435 Trecenti
320 1372 470 1434 Lacones
495 1379 606 1433 contra
622 1370 751 1433 Xersen
774 1372 872 1452 missi,
898 1392 972 1433 eum
995 1374 1116 1434 treceni
1142 1395 1184 1435 ex

11 1498 46 1545 10
155 1478 240 1539 omni
269 1476 408 1540 Graecia
438 1477 527 1537 missi
554 1474 729 1557 fugissent,
761 1473 960 1557 deliberant,
992 1498 1034 1538 an
1062 1486 1092 1539 et
1122 1478 1184 1561 ipsi

602 1578 735 1662 fugiant.

152 1684 278 1747 sinnam
301 1684 398 1746 Fusci
422 1684 532 1767 patris,
557 1681 611 1764 At,
635 1691 722 1766 puto,
746 1680 836 1744 rudis
859 1680 943 1744 lecta
966 1692 1055 1746 aetas
1079 1693 1111 1746 et
1133 1686 1271 1770 animus,
1297 1686 1313 1749 1

64 1791 118 1873 qui
149 1788 354 1871 frangeretur
384 1797 490 1869 metu,
526 1788 716 1870 insuetaque
747 1807 837 1848 arma
872 1808 937 1849 non
967 1808 1124 1871 passurae
1155 1811 1271 1854 manus

64 1892 280 1975 hebetataque
304 1893 393 1954 senio
416 1901 472 1954 aut
494 1889 683 1953 vulneribus
707 1910 851 1974 corpora.
885 1889 963 1975 quid
987 1891 1117 1955 dicam?
1147 1896 1271 1978 potissi-

10 2018 44 2064 15
63 2018 132 2058 mos
150 1995 331 2060 Graeciae?
347 1992 356 2080 ΗΗ
376 2017 418 2057 an
438 1992 739 2057 Lacedaemonios?
763 2017 804 2056 an
826 1994 967 2057 electos?
999 2018 1040 2058 an
1063 2006 1209 2080 repetam
1224 2008 1272 2062 tot

63 2102 150 2163 acies
165 2109 293 2184 patrum
309 2108 420 2184 totque
441 2098 571 2161 excidia
586 2096 726 2180 urbium,
749 2106 795 2161 tot
809 2100 970 2161 victarum
985 2101 1130 2182 gentium
1150 2100 1270 2185 spolia?

150 2314 195 2358 cn
222 2312 235 2356 1
256 2307 397 2374 potuisset]
422 2308 485 2369 Aes,
504 2308 564 2372 My,
586 2306 901 2371 potuiss(-is13)et<et>
920 2311 943 2356 o
963 2308 971 2375 Η
990 2306 1028 2374 ut]
1048 2311 1084 2357 sit
1100 2315 1151 2358 AB
1175 2312 1197 2358 si
1216 2317 1243 2359 v
1260 2309 1269 2378 Η
1360 2300 1363 2305 ’

63 2395 77 2442 2
97 2393 246 2460 insaniunt]
266 2396 364 2443 insana
376 2401 440 2443 sunt
454 2392 520 2459 Soleo
537 2390 545 2460 ΗΗ
564 2392 602 2459 at]
625 2392 652 2443 0.
668 2391 789 2453 Scuaiuu
809 2400 836 2441 et
849 2397 881 2453 0,
901 2393 947 2441 sed
968 2394 1006 2444 Ga
1023 2391 1033 2463 ΗΗ
1051 2394 1203 2445 distinxerit
1217 2402 1269 2445 AB

62 2481 214 2530 distinxerit
227 2483 287 2543 <in>
301 2482 340 2543 (in
353 2481 414 2546 dei.)
427 2487 454 2529 V
466 2478 474 2548 Η
487 2484 502 2529 3
515 2480 573 2530 ulla
586 2486 609 2529 B
628 2478 636 2547 Η
648 2483 665 2529 4
678 2494 846 2544 superuacua
860 2495 913 2544 que
927 2480 990 2544 (quo
1003 2479 1039 2543 D)
1053 2480 1087 2530 ad
1100 2483 1203 2531 tumide
1217 2487 1240 2532 0
1260 2482 1263 2527 i

61 2571 76 2616 5
97 2568 199 2617 iudices
217 2570 246 2616 ui
266 2569 301 2616 V¹
321 2569 424 2617 iudices
443 2569 485 2616 sui
503 2568 566 2615 V²D
591 2566 599 2633 Η
622 2567 734 2616 haberet
752 2572 779 2614 A
802 2563 810 2633 Η
834 2568 849 2614 6
868 2582 967 2615 rrnrue
981 2567 1059 2631 rn(-n
1069 2567 1106 2632 V)
1121 2571 1142 2616 0
1155 2566 1163 2633 Η
1176 2564 1268 2636 ὑγίαινε

61 2651 125 2719 ἥλιε]
147 2655 200 2717 He,-
222 2655 304 2719 ra(·n
320 2657 357 2718 A)
365 2669 414 2705 aue
436 2655 489 2716 n(u
503 2655 540 2717 A)
561 2653 586 2702 al
594 2654 639 2716 (an
656 2654 718 2717 V)e
740 2658 760 2702 O
812 2654 846 2717 cf.
870 2650 937 2702 Suet.
962 2654 1030 2702 Nero
1050 2657 1085 2703 39
1104 2651 1112 2720 ΗΗ
1131 2652 1267 2713 Μακεδόνες

61 2735 108 2805 ἄρα
120 2738 191 2806 χάος]
210 2741 267 2802 He,-
283 2741 355 2804 antu
368 2740 587 2806 A)nue.ioner(r
600 2740 634 2802 Β)
652 2754 703 2788 ara
721 2736 779 2804 (γὰρ
792 2748 835 2804 oq)
853 2754 920 2788 naec
939 2744 960 2788 C
979 2738 987 2806 ΗΗ
1005 2741 1019 2788 7
1038 2737 1192 2808 siricorum]
1215 2744 1267 2805 (ἴῃ

61 2841 195 2877 erraooecr
217 2831 246 2889 0,
271 2825 401 2875 ἐσπλέουσι
424 2826 465 2875 He
525 2829 540 2875 9
564 2824 677 2891 treceni]
704 2824 803 2887 Sciron,-
826 2827 941 2875 trecenti
965 2830 986 2875 0
1010 2831 1129 2877 troezeni
1147 2836 1205 2893 Ι>τ;
1230 2832 1266 2895 cf.

60 2931 124 2977 qiute
143 2914 181 2963 Ba
199 2913 236 2962 ed
254 2914 320 2963 laeuo
338 2916 417 2963 locant
436 2913 583 2962 adnotat-tt.-
603 2909 667 2961 ‘oam
682 2930 733 2976 per
745 2918 823 2961 totam
834 2916 979 2962 ciceroniani
993 2916 1110 2979 (excepta
1118 2932 1148 2979 p.
1161 2920 1223 2979 535,
1236 2921 1265 2980 2)

59 3018 158 3065 ,ψῆφον
177 3001 207 3050 de
227 2999 351 3051 ‘trecente’
363 3017 443 3049 nermo
453 3000 513 3063 fiat,
528 3037 534 3049 ,
549 3037 554 3048 .
569 3036 575 3048 .
590 3000 790 3063 rhetorfiureirre
802 2998 953 3049 statuendae
965 3007 1000 3049 art
1012 3018 1024 3050 e
1036 3004 1143 3066 sinordis
1159 3004 1268 3053 Graecia

59 3090 173 3148 uiuitur,
192 3094 309 3150 qttotqnot
324 3091 420 3136 viribus
429 3089 567 3152 pollebant,
586 3094 696 3136 trecenos
709 3087 799 3136 militer
813 3085 954 3151 Spartani-r
967 3090 1064 3137 tetradio
1076 3092 1265 3154 rniaaoefrdare,

59 3175 126 3236 qaeiod
146 3192 193 3223 nort
219 3178 299 3238 nenqia
322 3180 411 3224 cetura
434 3175 556 3223 trieteride
572 3173 654 3238 fidem
673 3180 763 3238 peccat
786 3190 862 3236 qaam
884 3192 949 3236 orior
972 3174 1003 3225 de
1025 3174 1134 3238 Cimone,
1154 3178 1265 3239 J’ttdta,

59 3261 214 3321 Parrhasio,
234 3261 353 3325 Popillio,
373 3263 432 3311 (uta
450 3258 611 3325 referuntur*
639 3268 641 3325 ζ
668 3262 698 3308 10
717 3262 822 3321 graetia
845 3266 868 3308 B
891 3258 899 3327 Η
925 3263 955 3308 12
975 3261 1057 3310 fuscis
1080 3264 1105 3327 ᾗ.
1125 3268 1176 3311 ΑΒ
1196 3264 1265 3313 fusci

59 3366 93 3397 ..a
107 3366 133 3412 p.
147 3354 173 3395 V
193 3348 201 3415 Η
219 3355 295 3397 aetas
308 3350 414 3397 animus
427 3349 492 3396 AV¹
506 3354 580 3396 aetas
593 3348 719 3410 <eras>cr
732 3348 838 3395 animus
852 3349 958 3409 (crascr
972 3348 1029 3413 del.)
1048 3354 1079 3411 B,
1098 3356 1173 3398 aetas
1191 3351 1263 3414 (est)

58 3441 85 3484 et
104 3437 210 3484 animus
233 3435 270 3483 Ga
288 3432 297 3501 Η
317 3436 348 3482 13
362 3436 523 3498 insuetaque
536 3433 619 3499 arma]
633 3434 684 3495 Ba,
703 3436 882 3498 insuaetoque
895 3450 970 3484 arma
982 3441 1032 3483 AB
1052 3438 1158 3486 insueto
1177 3452 1263 3486 anna-

59 3538 112 3586 que
131 3528 181 3570 VD
201 3536 208 3587 ἱς
230 3524 261 3570 14
280 3520 583 3586 haetaeA)betataque
602 3526 675 3589 AB,
699 3521 765 3570 nubi
785 3523 873 3570 eribus
891 3526 918 3570 A
941 3520 949 3565 i'
973 3524 1005 3570 15
1023 3540 1068 3571 aar.
1089 3538 1124 3572 an
1143 3541 1189 3573 orn.
1209 3531 1236 3573 A
1255 3522 1264 3592 Η

58 3607 168 3675 eleetos}
189 3610 226 3658 Ba
245 3612 296 3659 coll.
312 3627 341 3673 p.
362 3611 422 3670 535,
440 3610 470 3670 4,·
487 3625 534 3657 om.
552 3613 578 3656 A
596 3608 669 3657 eleos
686 3614 738 3656 BV
755 3609 863 3657 aelaeos
881 3614 905 3656 D
925 3605 933 3675 ΗΗ
944 3609 1011 3672 jort.
1025 3610 1163 3673 Graeciae,
1177 3612 1262 3660 Lace·

58 3698 214 3745 ‹laemonios
231 3712 265 3745 an
283 3697 382 3746 Eleos?
400 3696 463 3757 Kar,
482 3696 613 3745 Graeciae
626 3712 661 3744 an
674 3696 948 3745 Lacedaemoniorum
964 3696 1082 3746 eleetos?
1103 3697 1141 3748 Ga
1159 3696 1167 3765 Η
1185 3713 1262 3763 repe-

57 3782 123 3849 tant]
137 3790 195 3847 Dr,
215 3794 334 3848 creptum
351 3788 371 3832 C
390 3786 398 3823 ’ἱ
419 3785 450 3831 16
468 3785 572 3846 patrum
587 3788 613 3831 A
633 3780 640 3847 J
659 3781 761 3847 totque]
783 3789 823 3831 tot
836 3788 859 3830 D

1071 3866 1125 3913 W
