2760 4110
636 201 760 252 INDEX.

131 361 325 424 iniquissimam
353 359 429 408 litem
457 358 490 408 de
517 359 670 424 principatu

133 446 306 512 eloquentiae
334 445 427 510 habuit
453 446 512 507 308,
535 448 580 507 10,
608 460 670 495 eum

132 533 289 599 eloquentia
307 547 356 583 ena
373 534 402 581 in
415 533 578 582 carminibus
590 532 669 581 desti·

131 622 183 670 tuit
196 621 254 681 207,
268 622 312 683 15,
330 618 497 668 declamabat
509 634 563 669 non
576 617 671 684 quales

131 721 204 755 nune
214 707 409 755 controversias
418 705 540 765 dicimus,
553 718 588 754 ne
600 703 670 753 tales

131 792 248 857 quidem,
267 792 362 856 quales
380 798 443 841 ante
463 805 525 841 eum
544 790 669 840 diceban-

131 885 183 940 tur,
201 894 269 944 quas
286 879 377 928 theses
395 878 541 936 vocatone
564 883 669 928 coutro-

131 967 232 1015 versiae
258 981 326 1031 quae
357 981 405 1015 nos
436 965 548 1014 dicimus
575 964 669 1014 Cicero

131 1067 226 1102 causas
253 1051 367 1101 vocabat
391 1052 416 1112 1,
433 1053 462 1111 3,
490 1048 669 1101 ‘declamatio'

130 1139 203 1204 apud
230 1138 336 1187 nullum
364 1139 507 1202 antiquum
531 1144 669 1187 auctorem

131 1231 196 1274 ante
214 1224 371 1274 Ciceronem
385 1230 413 1274 et
425 1224 539 1273 Calvum
552 1225 669 1274 inveniri

130 1316 219 1376 potest
238 1313 262 1374 7,
275 1313 304 1370 9;
328 1313 490 1360 sententiam
512 1313 541 1359 in
564 1316 668 1361 contro·

130 1399 218 1447 versia
245 1397 321 1459 dixit,
350 1414 411 1448 cum
439 1397 610 1448 abdicaretur
637 1400 668 1459 is,

129 1486 177 1549 qui
195 1484 344 1534 adulteram
363 1490 475 1534 matrem
494 1485 668 1534 occidendam

130 1576 271 1635 acceperat
296 1577 324 1620 et
348 1571 483 1620 dimiserat
510 1573 617 1633 53,11;
643 1574 668 1621 ei

129 1658 242 1708 infestus
254 1659 306 1707 luit
319 1658 424 1708 Cestius
443 1660 502 1720 582,
515 1659 545 1723 83
563 1660 667 1709 audito·

130 1759 172 1794 res
186 1744 269 1794 Cestii
288 1747 313 1794 ei
330 1744 449 1795 Cestium
469 1746 667 1811 praetulissent,

129 1831 180 1878 nisi
207 1830 310 1894 lapides
337 1831 501 1891 timuissent3
530 1832 667 1882 Ciceronis

129 1917 264 1966 orationes
293 1933 347 1966 non
377 1917 505 1982 legebant
532 1920 584 1968 nisi
612 1933 666 1981 eas,

129 2004 227 2067 quibus
253 2003 360 2053 Cestius
382 2006 519 2070 rescripsit
542 2007 665 2069 210,13;

129 2091 155 2138 ei
173 2089 207 2138 de
226 2089 316 2140 Cestio
335 2093 399 2141 satis
417 2092 482 2141 fecit
500 2091 607 2142 Caesius
620 2092 665 2142 Se-

127 2191 208 2225 verus
230 2178 294 2239 211,
313 2179 336 2226 9.
364 2179 427 2239 212,
446 2179 473 2238 33
504 2180 568 2227 item
596 2180 665 2228 Mar·

129 2277 176 2312 eus
190 2262 261 2312 filius
280 2265 339 2326 582,
353 2266 381 2325 9;
401 2264 533 2329 quaedam
552 2267 665 2330 antiqua

128 2355 155 2399 et
183 2350 217 2399 ab
244 2365 275 2399 eo
304 2350 375 2401 dicta
402 2351 531 2400 Haterius
557 2352 665 2404 dicebat

128 2438 187 2496 228,
209 2438 252 2499 10,
275 2442 409 2487 auctorem
434 2441 506 2501 vitii,
533 2441 605 2505 quod
631 2456 664 2490 ex

127 2523 252 2587 captione
271 2525 350 2573 unius
368 2527 442 2575 verbi
461 2525 540 2590 plura
563 2528 663 2590 signifi-

126 2611 213 2658 cantis
232 2612 358 2670 nascitur,
382 2611 472 2660 aiebat
491 2611 599 2660 Cassius
618 2612 663 2660 Se·

126 2710 206 2745 verus
232 2697 411 2762 Pomponium
439 2697 535 2758 fuisse,
566 2714 582 2747 a
609 2714 662 2763 quo

126 2785 240 2848 primum
258 2783 292 2832 ad
305 2783 450 2833 Laberium
467 2786 595 2834 transisse
612 2785 663 2834 hoc

125 2869 243 2918 studium
262 2870 393 2933 imitandi,
414 2871 511 2919 deinde
534 2872 568 2921 ad
587 2872 662 2922 Cice-

104 2952 106 2954 ’
124 2971 225 3018 ronam,
245 2958 292 3020 qui
308 2956 376 3005 illud
392 2957 426 3006 ad
438 2959 565 3008 virtutem
578 2964 662 3009 trans·

123 3043 250 3093 tulissent
273 3045 332 3105 303,
350 3046 379 3108 33
402 3045 611 3096 innumerabilia
629 3062 661 3096 ex

124 3145 157 3180 ea
167 3136 230 3178 nota
240 3129 335 3180 Cicero
345 3133 374 3180 in
389 3133 555 3182 orationibus
571 3141 618 3183 aut
632 3136 660 3182 in

124 3231 247 3266 sermone
259 3216 326 3266 dixit
339 3220 398 3280 303,
407 3221 434 3282 43
456 3221 525 3269 bono
538 3220 662 3270 hercules

124 3304 232 3370 publico
255 3307 307 3354 ista
325 3307 354 3354 in
372 3320 472 3370 poenas
490 3309 661 3371 ingeniorum

123 3406 201 3440 versa
219 3391 363 3441 crudelitas
382 3398 442 3456 post
466 3408 526 3443 eum
549 3396 661 3443 inventa

123 3483 176 3536 est;
188 3479 252 3542 quid
264 3479 462 3529 enimiuturum
472 3480 560 3542 fuitei
568 3482 659 3529 trium·

122 3567 187 3614 viris
201 3566 325 3615 libuisset
338 3573 365 3616 et
377 3568 515 3630 ingenium
530 3568 588 3616 eius
601 3584 659 3632 pro·

122 3653 255 3702 scribere?
275 3655 334 3714 440,
351 3656 389 3701 14.

175 3738 319 3789 Sententia:
337 3740 379 3800 53,
397 3741 433 3788 19.

86 3823 206 3879 Tullius
235 3827 279 3888 (Μ.
305 3827 411 3875 Tullius
442 3825 536 3876 Cicero
566 3825 661 3893 filius).

1228 183 1292 247 623

758 358 825 406 Eius
843 364 1001 423 praeceptor
1019 358 1071 407 luit
1088 358 1235 422 Dionysius
1253 360 1294 420 56,

760 446 805 506 10,
828 445 971 509 proconsul
989 445 1079 495 Asiam
1099 445 1215 494 obtinuit
1235 447 1294 507 582,

760 532 792 579 10
797 550 803 592 ;
824 530 892 580 nihil
906 545 939 580 ex
951 537 1063 596 paterno
1078 533 1187 597 ingenio
1200 531 1295 581 habuit

758 623 864 682 praeter
882 617 1062 668 urbanitatem
1085 620 1203 681 5821ος
1224 620 1249 667 ei
1268 624 1295 667 61

759 705 1294 766 11111111111116111111111111611111111116-

758 795 808 852 tas,
826 792 848 839 11
866 791 931 856 quid
949 807 983 842 ex
1002 791 1050 842 illa
1068 795 1215 856 supererat,
1234 791 1293 840 sub·

758 877 874 926 ducebat
893 879 952 939 582,
968 881 1012 942 113
1031 880 1101 944 patri
1114 894 1162 928 suo
1176 878 1209 927 de
1222 879 1293 927 corio

758 962 841 1012 Cestii
860 966 1001 1015 satisfecit
1019 967 1079 1025 582,
1094 967 1135 1026 18,
1158 964 1294 1014 scordalus

757 1049 809 1098 fuit
826 1052 856 1099 in
873 1051 1003 1116 Hybreae
1020 1051 1106 1101 filium
1126 1052 1185 1113 582,
1201 1053 1241 1101 13.

722 1133 851 1197 Turdam,
875 1153 963 1188 comes
983 1138 1059 1188 Oecii
1076 1137 1216 1187 Flammae
1234 1155 1292 1203 pro·

757 1223 882 1286 consulis,
906 1226 976 1274 inter
994 1225 1108 1274 infames
1126 1227 1243 1274 maxime
1266 1231 1293 1274 61

756 1310 857 1359 invisos
875 1309 997 1360 homines
1015 1317 1072 1360 erat
1090 1313 1151 1373 412,
1165 1314 1187 1361 t.

722 1395 871 1448 Turrinus
891 1413 916 1446 v.
937 1396 1054 1447 Clodius.

722 1481 924 1535 Tusculanum
943 1484 1080 1534 Ciceronis
1098 1485 1156 1544 561,
1170 1485 1193 1532 7.

721 1571 836 1624 Tuscus
863 1571 993 1620 Scaurum
1020 1571 1186 1619 Mamercum
1214 1572 1293 1620 maie-

755 1660 832 1708 statis
854 1672 929 1707 reum
952 1658 1025 1719 fecit,
1048 1657 1128 1706 homo
1146 1673 1227 1722 quam
1246 1659 1293 1707 im-

755 1745 832 1811 probi
854 1746 951 1805 animi,
975 1750 1029 1792 tam
1052 1743 1167 1793 infelicis
1190 1746 1293 1810 ingenii

754 1833 864 1893 545,13;
875 1830 1016 1880 historicus
1022 1830 1112 1880 fatuus
1121 1831 1172 1880 fuit
1182 1833 1241 1893 545,
1251 1834 1287 1882 13.

810 1917 896 1967 door:
914 1921 974 1979 111,
989 1920 1028 1967 11.

719 1996 885 2071 Τυδείδης
904 2006 1018 2065 401,19.

717 2175 859 2230 Valerius
883 2178 931 2242 (Μ.
949 2177 1074 2227 Valerius
1092 2179 1208 2228 Messala
1228 2179 1289 2228 Cor·

752 2264 850 2328 vinus).
874 2266 941 2315 Eius
963 2265 1290 2329 1611111111Ργ11161161111,

753 2368 800 2417 pro
814 2367 868 2417 quo
881 2353 963 2401 Latro
983 2353 1130 2400 orationem
1151 2351 1289 2400 disertissi-

752 2455 823 2488 mam
846 2439 970 2487 reoitavit
1001 2439 1056 2498 156,
1074 2440 1102 2498 51
1132 2436 1236 2486 Seneca
1263 2444 1290 2486 et

752 2524 841 2574 Gallio
860 2524 894 2573 ab
913 2523 1051 2573 auditione
1064 2522 1166 2572 Nicetis
1179 2523 1213 2572 ad
1227 2538 1288 2573 eum

751 2617 884 2661 venerunt
902 2612 961 2672 550,
975 2612 1003 2674 23
1022 2612 1050 2658 in
1063 2609 1141 2658 domo
1155 2611 1213 2658 eius
1226 2609 1289 2658 Sex·

751 2697 826 2746 tilius
839 2699 899 2748 Ena
917 2698 1138 2761 proscriptionem
1152 2696 1289 2746 Ciceronis

749 2785 911 2835 recitaturus
952 2784 1132 2834 advocaverat
1166 2783 1288 2833 Asinium

750 2871 902 2921 Pollionem
926 2874 986 2933 574,
1004 2874 1034 2931 4;
1062 2872 1225 2921 exactissimi
1248 2873 1287 2919 in·

749 2960 823 3023 genii
845 2959 954 3024 quidem
981 2960 1010 3007 in
1038 2960 1110 3006 omni
1138 2957 1286 3007 studiorum

749 3050 825 3110 parte
846 3046 905 3107 11111,
932 3046 979 3094 sed
1002 3047 1093 3095 Latini
1117 3046 1211 3108 utique
1234 3059 1287 3093 ser·

748 3134 837 3182 monis
873 3133 1027 3182 observator
1063 3131 1287 3196 diligentissimus

752 3221 846 3280 1561,
864 3225 988 3284 corrupte
1001 3219 1181 3267 iudicantibus
1199 3220 1288 3267 minus

749 3306 818 3356 bene
830 3307 973 3356 videbatur
986 3306 1074 3355 dicere
1087 3320 1167 3370 quam
1182 3305 1287 3354 Cestius

748 3398 796 3442 aut
818 3394 901 3442 Latro
926 3395 985 3453 210,
1003 3395 1031 3453 8;
1056 3407 1116 3441 eum
1141 3394 1286 3441 Latronem

748 3480 866 3529 audisset
902 3478 1112 3540 declamantem,
1149 3480 1286 3543 ingenium

747 3565 789 3615 illi
799 3568 939 3628 concessit,
953 3579 1102 3615 sermonem
1114 3566 1214 3615 obiecit
1228 3568 1285 3626 156,

748 3655 775 3717 33
794 3651 1236 3703 116111111111611111616111116116111111
1251 3654 1284 3700 ci·

746 3741 840 3789 vilium
852 3741 961 3790 vocavit
973 3742 1032 3802 525,
1045 3742 1088 3798 10;
1101 3739 1169 3788 dixit
1180 3735 1285 3802 ‘cogno-

749 3825 896 3890 1661111111,
910 3843 973 3877 uon
984 3822 1160 3888 ι1611611111
1180 3821 1314 3874 bamb-s
