2760 4110
575 187 643 237 LIB.
658 187 683 236 V
712 188 786 237 1-2.

661 396 702 460 Π.

468 537 592 589 seusu
611 536 744 588 muner
762 534 906 585 DlvlTIS.

215 660 355 745 Pauper,
373 682 446 723 (tum
462 658 598 723 haberet
612 658 713 722 filium
729 667 761 722 et
777 656 909 721 divitem
923 657 1088 720 inimicum
1100 655 1200 721 tiliam

172 762 358 846 habentem,
380 786 517 849 peregre
540 763 705 849 profectus
729 773 785 826 est.
817 784 927 825 rumor
949 761 1009 825 fuit
1032 760 1072 825 de
1096 770 1198 825 morte

173 871 249 932 eins.
282 867 366 932 filius
391 891 464 932 cum
488 869 586 932 diuite
613 871 647 932 in
670 870 808 953 gratiam
830 866 925 931 rediit
953 874 985 930 et
1007 867 1076 929 eius
1098 865 1197 930 tiliam

171 972 272 1037 duxit.
308 996 459 1037 reversus
481 982 574 1059 pater
596 971 605 1059 Ι
629 974 715 1056 cogit
736 971 824 1036 illum
848 992 984 1035 uxorem
1006 969 1197 1055 repudiar03

169 1077 330 1142 nolentem
353 1077 493 1142 abdicat.

169 1183 272 1247 Nemo
296 1184 470 1268 quicquam
491 1182 587 1246 facile
604 1182 716 1266 credit,
740 1204 803 1267 quo
820 1182 942 1246 credito
959 1180 1134 1245 dolendum
1150 1182 1198 1243 sit.
1224 1200 1284 1263 ogo

83 1286 137 1350 diu
165 1310 230 1352 non
254 1286 376 1351 credidi
402 1287 442 1351 de
470 1288 589 1372 nuptiis
617 1289 688 1351 tuis.
721 1286 866 1351 desertor
887 1288 1002 1372 patrie,
1030 1287 1149 1350 inimici
1174 1284 1284 1369 cliens,

30 1414 63 1460 10
81 1392 192 1454 uxoris
215 1392 422 1476 mancipium,
446 1413 510 1455 non
525 1391 642 1455 flevisti
662 1400 798 1476 patrem,
821 1412 886 1455 non
902 1391 1068 1476 quaesisti3
1093 1391 1139 1452 sic
1155 1389 1282 1452 inimico

79 1494 236 1579 placuisti.
268 1517 387 1575 rumor,
414 1497 527 1580 inquit,
554 1494 660 1560 fuerat
682 1503 713 1559 te
737 1495 924 1559 decessisse.
956 1493 1109 1577 mirabar,
1132 1494 1159 1556 si
1185 1492 1284 1556 talem

81 1622 216 1664 uxorem
239 1602 313 1664 vivo
336 1611 428 1686 patre
452 1599 574 1665 habere
596 1603 763 1686 petiisses.
788 1623 854 1665 non
869 1602 1008 1686 quaeris,
1030 1598 1087 1663 ubi
1109 1596 1282 1684 perierim?

80 1728 165 1768 mors
188 1727 261 1769 mea
283 1704 352 1769 tibi-
365 1703 464 1769 debet
491 1727 562 1769 esse
586 1714 750 1791 suspecta:
773 1706 938 1770 inimicum
961 1703 1075 1769 habeo.
1108 1703 1283 1789 quisalius

79 1809 163 1873 hanc
186 1808 307 1873 famam
327 1811 431 1894 potuit
456 1810 630 1893 inmittere,
658 1811 719 1874 nisi
742 1812 796 1895 qui
818 1832 870 1873 me
892 1811 967 1874 vivo
990 1808 1088 1872 tiliam
1112 1806 1281 1871 conlocare

29 1914 315 1998 15¹110npotemt?
344 1937 408 1979 non
431 1916 535 1997 times,
558 1937 599 1978 ne
622 1916 706 1978 inter
729 1917 815 2000 ipsas
838 1916 967 1999 nuptias
990 1923 1062 1977 tuas
1085 1914 1184 1998 patris
1208 1933 1281 1977 ossa

78 2018 281 2083 referantur?
303 2028 350 2086 tot
365 2020 451 2082 servi
466 2028 629 2102 secuntur,
651 2028 698 2083 tot
711 2017 828 2101 liberti,
848 2027 894 2082 tot
909 2018 1053 2101 clientes,
1073 2026 1108 2081 ut
1123 2016 1281 2101 quidquid

79 2123 198 2187 dixerit
224 2146 334 2187 rumor
364 2126 411 2187 sit.
443 2122 614 2187 Fabricius
641 2147 756 2188 aurum
783 2148 803 2188 a
830 2123 958 2210 Pyrrho
986 2108 1143 2209 accipere¹
1163 2123 1279 2205 noluit3

78 2226 202 2292 beatior
224 2228 284 2292 fuit
307 2225 380 2315 [ille]
404 2230 510 2291 animo
531 2250 628 2313 quam
643 2227 695 2292 illc
711 2250 821 2313 regno.
846 2229 954 2315 plures
969 2228 1102 2293 insidias
1118 2231 1152 2292 in
1166 2230 1279 2292 itinere

76 2330 156 2416 fugi,
180 2341 211 2396 et
232 2332 355 2396 fractum
373 2332 479 2416 dives,
503 2331 590 2417 quod
611 2331 797 2397 faciendum
819 2332 1042 2417 mandaverat,
1066 2332 1211 2396 credidit.

25 2458 59 2506 20
164 2437 244 2501 Pars
260 2438 370 2501 altera.
388 2438 518 2501 Vanum
533 2437 654 2522 gloriae
669 2460 773 2522 genus
789 2437 898 2501 odium
914 2437 1107 2501 divitiarum.
1127 2434 1279 2501 mortales

77 2563 148 2605 csse
170 2544 354 2606 inimicitiae
378 2540 507 2606 debent.
532 2540 639 2627 Scipio
657 2541 799 2606 Gracchi
813 2543 963 2606 inimicus
982 2550 1014 2606 ct
1034 2550 1143 2605 tamen
1166 2551 1278 2626 postea

163 2682 307 2751 ΜΡαβνπ
329 2685 344 2732 2
368 2697 471 2747 pauper
492 2683 618 2732 inimicus
641 2682 733 2731 diuitis
756 2693 805 2732 απ
827 2679 835 2749 ΙΙ
858 2686 873 2731 5
897 2682 969 2732 filius
990 2700 1037 2732 cua.
1057 2683 1099 2731 Ml
1122 2681 1184 2733 add.
1203 2682 1247 2731 M³
1268 2679 1278 2751 ΙΙ
1318 2684 1323 2737 ἶ

76 2774 91 2820 6
110 2767 238 2838 ussxorem
259 2770 285 2835 (o
304 2770 384 2834 erae.)
402 2776 433 2818 M
451 2770 454 2817 Ι
478 2772 494 2818 8
514 2769 606 2819 credat
624 2781 651 2819 π
668 2766 677 2836 ΙΙ
694 2772 772 2820 veroa
790 2785 844 2834 quo
864 2806 911 2822 ...
930 2770 965 2819 sit
982 2787 1030 2825 οῃι,
1042 2775 1066 2819 Ρ
1085 2772 1205 2832 (vacuam
1216 2788 1277 2835 spa-

76 2861 139 2907 tium
158 2860 191 2906 12
210 2860 269 2919 lter.)
288 2855 297 2924 ΙΙ
316 2856 401 2906 credit
420 2845 556 2907 odolorem
575 2857 617 2905 M¹
636 2874 702 2906 corr.
721 2856 768 2905 M³'
782 2852 790 2924 ΙΙ
809 2858 824 2905 9
843 2856 948 2907 deserto
967 2857 1009 2905 M¹
1027 2874 1093 2907 corr.
1105 2856 1150 2911 M²
1166 2854 1175 2923 ΙΙ
1192 2859 1276 2923 patris

74 2945 102 3010 (p
121 2962 186 2995 corr.
206 2962 238 2994 ca·
256 2948 311 2994 alia
329 2947 415 2994 littero
433 2944 487 3009 11²)
507 2950 538 2993 M
555 2940 564 3011 ΙΙ
582 2945 698 2994 inimicis
717 2943 741 3010 (s
760 2944 819 3008 del.)
838 2949 862 2993 P
880 2941 889 3012 ΙΙ
908 2946 941 2993 10
959 2940 1067 3013 uZxoris
1087 2948 1113 3011 (o
1126 2945 1205 3009 erar.)
1218 2950 1250 2995 M
1266 2942 1276 3012 ΙΙ
1315 3006 1320 3013 1

75 3033 188 3098 quesisti
206 3043 233 3082 π
250 3028 258 3099 ΙΙ
280 3035 309 3080 11
329 3034 408 3087 verba
425 3046 516 3080 rumor
534 3068 579 3081 ...
600 3031 746 3081 decessisse
764 3048 811 3081 eni.
825 3042 853 3081 π
869 3029 878 3099 ΙΙ
895 3032 985 3082 iuerat
1004 3033 1033 3097 (u
1049 3036 1078 3082 iu
1089 3016 1209 3096 raaffl)
1223 3034 1255 3081 M
1266 3028 1275 3099 ΙΙ

74 3106 203 3169 mirarbar
214 3125 238 3168 P
251 3118 253 3153 3
271 3121 349 3169 cer-bo
361 3118 477 3167 mirabar
488 3156 493 3167 .
505 3155 512 3168 .
523 3156 528 3168 .
538 3120 672 3183 potuisses
682 3120 716 3181 (o.
723 3120 768 3181 12)
775 3125 834 3184 pout
843 3120 945 3184 nuptiis
957 3120 1011 3169 tuis
1022 3122 1091 3182 (au)
1101 3126 1201 3184 tromp.
1216 3120 1254 3170 Ga
1266 3116 1275 3187 ΙΙ

76 3210 105 3256 12
125 3204 253 3277 uZprorem
273 3207 300 3270 (o
319 3188 342 3256 et
361 3222 377 3255 u
396 3222 482 3270 napo
500 3205 579 3276 crus.)
592 3211 624 3255 M
641 3202 650 3273 ΙΙ
667 3203 730 3272 non]
750 3188 815 3256 mim
835 3204 920 3257 Schott
937 3203 946 3273 Ι
964 3208 1093 3273 perierint
1110 3212 1133 3255 P
1151 3204 1159 3272 Ι
1180 3208 1211 3255 13
1223 3207 1274 3256 tibi

46 3314 50 3321 ¹
73 3298 111 3344 bis
122 3313 171 3344 scr.
186 3296 283 3360 (priore
296 3295 346 3343 Ioco
359 3293 418 3355 del.)
438 3299 470 3343 Μ
487 3290 495 3359 Ι
516 3295 547 3342 14
559 3291 638 3360 hanc]
652 3292 751 3357 habeat
763 3304 790 3343 π
807 3290 815 3361 Ι
833 3295 970 3344 inmittere
981 3311 1047 3344 corr.
1060 3311 1092 3344 ex
1104 3294 1209 3343 imitere
1222 3299 1253 3341 M
1264 3290 1274 3360 Ι

72 3384 123 3431 nisi
142 3398 207 3431 corr.
227 3398 259 3430 en
277 3382 332 3430 nici
350 3386 381 3429 M
398 3377 407 3449 ΙΙ
426 3396 468 3430 me
487 3398 534 3430 our.
553 3394 574 3429 α
595 3378 604 3447 Ι
631 3382 662 3429 15
681 3396 746 3429 num
764 3381 844 3430 times
861 3395 881 3430 α
900 3378 908 3449 Ι
926 3366 991 3430 tinio
1010 3395 1053 3430 me
1071 3385 1095 3428 P
1118 3378 1126 3447 Ι
1151 3382 1183 3429 16
1202 3381 1273 3429 servi

72 3467 212 3535 secuntur]
231 3464 322 3536 serui}
338 3463 510 3536 Wecuntur
528 3468 605 3532 (corr.
623 3452 656 3517 eoi
671 3464 806 3533 feruutur)
824 3466 848 3532 (s
860 3482 889 3517 re
907 3468 986 3532 eras.)
1006 3467 1047 3516 Μ1
1061 3485 1126 3517 corr.
1139 3466 1183 3516 Μ3
1200 3466 1273 3517 serui

71 3538 196 3605 feruntur
209 3561 232 3604 P
251 3554 254 3621 Ι
278 3553 378 3622 liberti]
392 3566 419 3605 π
432 3556 509 3625 (Βε);
521 3554 599 3605 liberi
613 3558 636 3602 0
655 3550 664 3621 ΙΙ
682 3554 787 3604 dientes
799 3560 830 3603 M
848 3552 857 3622 ΙΙ
875 3552 914 3621 ut]
929 3555 976 3605 ubi
988 3569 1008 3604 α
1020 3572 1067 3605 oui.
1081 3560 1100 3602 Β
1118 3551 1126 3621 ΙΙ
1146 3556 1178 3603 17
1191 3570 1271 3620 pyrro

72 3645 148 3707 (corr.
161 3661 193 3693 ea
205 3659 271 3709 pyro
285 3641 328 3707 ΜΙ
341 3647 396 3692 MP
415 3644 485 3707 pirro
499 3640 562 3710 Βαβ
579 3642 637 3706 piro
655 3656 674 3691 ν
691 3638 700 3709 ΙΙ
718 3644 842 3707 accipere
859 3648 939 3692 otras
957 3639 963 3707 Ι
985 3643 1016 3692 18
1029 3642 1098 3692 *ille
1111 3632 1173 3705 del.)
1185 3659 1233 3692 osu.
1243 3647 1270 3705 8,

66 3733 133 3796 jort.
147 3714 204 3797 ipse
221 3732 247 3781 (ι’.
263 3729 372 3781 Scleculrl
388 3728 396 3797 Ι
415 3728 473 3797 ille]
492 3731 541 3780 illo
560 3736 587 3793 Β,
603 3730 670 3801 fort
684 3728 749 3779 *hic
768 3729 878 3795 (seruato
896 3735 973 3779 antea
991 3729 1049 3802 ille)
1067 3718 1282 3795 Morqemtemit

74 3822 104 3868 19
124 3815 170 3887 ΜΞ
187 3825 219 3867 Μ
237 3836 283 3868 our.
302 3833 323 3868 α
341 3815 349 3885 Ι
367 3818 455 3869 faetus
472 3823 496 3866 P
513 3815 522 3885 Ι
541 3819 572 3866 21
592 3802 800 3887 graccum&
820 3814 899 3884 greci
915 3831 954 3880 w,
968 3814 1232 3882 cantassem
1246 3823 1304 3863 wi·
