2760 4110
538 167 752 219 PRAEFATIO.
1084 157 1242 216 XXXVII

35 323 119 387 ordo
134 322 292 386 librorum
306 321 394 386 idem
410 332 458 386 est
473 325 576 408 quiin
591 345 664 386 mea
680 322 828 407 editione,
845 323 903 388 sed
920 335 1074 411 excerpta
1089 324 1243 388 librorum

34 428 63 509 I,
88 427 134 509 H,
159 427 234 509 VH,
258 426 367 509 VIIII,
391 426 423 490 X
447 448 511 490 non
533 436 605 511 post
628 426 759 491 eosdem
782 428 923 513 singulos
952 428 1060 512 libros,
1091 427 1150 492 sed
1172 438 1243 512 post

37 530 205 594 decimum
227 528 345 593 librum
364 532 652 594 controversiarum
671 533 774 616 posita
793 542 876 616 sunt,
898 531 1058 617 Rodolphi
1069 531 1243 616 Agricolae

37 646 71 698 et
94 634 244 698 Pinciani
272 635 306 696 in
337 632 586 698 declamationes
618 636 885 700 commentariolis
912 638 1080 719 insaucia,
1113 636 1242 701 Graeca

38 739 168 802 desunt.
192 775 235 784 -—
257 738 463 802 Nominanda
486 738 624 825 denique
652 749 700 804 est
722 741 861 805 Mureti
890 740 985 805 editio
1011 741 1134 805 Romae
1157 763 1242 804 anno

40 841 128 906 1585
163 844 280 906 emissa
314 841 439 927 (Rom),
474 845 528 929 qui
562 843 752 927 ‘complures
785 844 933 927 lacunas,
968 867 1051 930 quae
1085 853 1177 908 erant
1209 845 1242 907 in

39 948 277 1029 controversiis,
298 949 356 1010 etsi
375 968 439 1010 non
458 968 569 1011 omnes
589 946 674 1033 (quis
692 949 776 1011 enim
791 947 853 1011 hoc
865 948 1045 1013 mortalium
1064 948 1241 1034 praestetl)

40 1050 187 1136 explevit
203 1073 245 1115 ex
261 1049 373 1114 codiee
388 1050 509 1114 multae
524 1054 638 1115 aetatis
654 1060 686 1115 et
702 1050 778 1115 fidei
794 1051 835 1115 de
852 1051 1047 1116 bibliotheca
1061 1053 1240 1116 Vaticana'.

40 1155 129 1219 idem
153 1153 251 1218 libros
273 1156 318 1219 ita
340 1153 510 1237 ordinavit,
532 1156 624 1219 utin
646 1154 784 1219 editione
806 1156 1059 1240 Hervageniana
1082 1153 1242 1218 ordinatos

42 1281 113 1322 esse
131 1257 287 1340 diximus3
304 1268 459 1342 excerpta
475 1268 583 1322 autem
597 1257 751 1323 librorum
761 1259 788 1342 I,
804 1260 847 1341 H,
863 1259 938 1342 VH,
954 1259 1064 1342 VIIII,
1080 1259 1113 1322 X
1129 1259 1241 1322 omisit.

41 1363 190 1427 Muretus
212 1361 472 1448 hieroglyphicas
494 1362 626 1445 htteras,
650 1362 765 1449 quibus
789 1363 919 1428 Graeca
940 1362 1100 1427 voeabula
1123 1363 1241 1446 scripta

42 1479 126 1550 sunt,
152 1466 339 1550 intellegere
354 1467 475 1551 primus
499 1476 631 1530 conatus
648 1478 704 1531 est.
729 1466 913 1551 dolendum,
937 1466 1022 1552 quod
1037 1489 1122 1531 mors
1138 1468 1242 1550 singu·

39 1572 144 1636 larem
159 1571 248 1635 illum
270 1571 432 1635 hominem
447 1571 596 1656 abripuit,
620 1573 808 1657 priusquam
822 1574 855 1636 in
871 1571 1101 1637 constituendis
1119 1582 1240 1635 contro

40 1677 223 1741 versiarum
246 1674 381 1740 Graecis
411 1675 521 1739 verbis
551 1697 683 1760 operam
705 1698 798 1740 suam
820 1676 1004 1759 collocaret3
1030 1699 1079 1759 ea,
1103 1698 1186 1761 quae
1210 1676 1248 1743 in

41 1780 193 1844 suasoriis
216 1778 406 1861 enucleavit,
430 1801 508 1843 sane
532 1778 631 1864 digna
654 1789 737 1862 sunt,
761 1802 896 1866 quorum
917 1781 998 1844 ratio
1022 1778 1189 1843 habeatur.

146 1882 268 1947 Omnes
277 1882 424 1965 editurae,
438 1905 516 1968 quos
526 1885 784 1966 commemoravi,
797 1883 840 1947 ad
848 1884 1008 1949 Senecam
1020 1882 1243 1967 philosophum

40 1987 99 2051 hos
122 1987 222 2051 libros
245 1986 434 2051 rettulerunt
462 1996 494 2050 et
517 2009 591 2051 cum
612 1989 679 2051 eius
702 1987 851 2072 operibus
874 1989 1056 2052 iunxerunt.
1070 1988 1242 2071 separatim

39 2092 177 2156 rhetoris
207 2113 306 2176 opera
328 2093 421 2175 primi
448 2090 619 2155 ediderimt
643 2091 827 2155 Nicolaus
851 2091 979 2155 Faber
1005 2092 1135 2155 Parisiis
1159 2112 1242 2154 anno

42 2194 125 2259 1587
162 2194 211 2279 (F
212 2193 244 2279 b)
255 2195 295 2280 1),
326 2193 502 2258 Andreas
532 2194 666 2260 Schott
696 2197 738 2258 ‘in
769 2195 951 2280 bibliopolio
982 2194 1242 2259 Commeliniano'

40 2321 127 2364 anno
153 2298 236 2362 1603
247 2297 284 2384 ²),
307 2299 338 2363 J.
355 2299 392 2362 F.
411 2298 628 2364 Gronovius
654 2299 807 2383 Lugduni
829 2299 1028 2363 Batavorum
1050 2321 1133 2362 anno
1159 2296 1242 2361 1649

43 2403 176 2489 (60³),
200 2405 293 2466 -inter
324 2423 403 2488 quos
433 2402 543 2466 Faber
569 2412 601 2467 ct
624 2403 805 2468 Gronovius
833 2405 867 2467 in
892 2403 1001 2467 verbis
1032 2400 1243 2466 emendandis

40 2508 217 2594 plurimum
242 2505 457 2592 profecerunt.
496 2505 645 2571 Schottus
673 2529 715 2570 ex
747 2516 896 2591 quattuor
926 2505 1099 2587 codicibus,
1128 2504 1243 2588 quibus

39 2635 119 2678 usus
146 2622 209 2694 est,
240 2611 381 2675 maxime
408 2610 599 2674 Toletanum
629 2620 664 2674 ut
699 2612 840 2674 omnium
869 2609 964 2694 longe
996 2610 1149 2694 optimum
1179 2630 1243 2671 am-

39 2717 158 2803 plexus
184 2716 352 2778 universas
374 2713 442 2778 fere
469 2715 682 2778 correctiones
706 2712 765 2798 (a),
790 2736 872 2798 quae
900 2714 934 2776 in
964 2735 1001 2777 eo
1031 2713 1242 2797 reperiuntur,

39 2825 73 2886 in
96 2820 272 2885 verborum
298 2818 444 2883 ordinem
469 2820 599 2904 recepit.
630 2821 675 2883 ita
704 2818 835 2901 factum,
866 2829 901 2883 ut
927 2841 986 2882 eae
1012 2819 1045 2882 in
1073 2816 1244 2881 editionem

41 2926 285 2992 Gronovianam
311 2934 343 2987 et
364 2922 440 2987 inde
468 2925 502 2986 in
530 2922 697 3006 vulgatam
726 2923 805 3008 (og),
836 2945 918 3009 quae
944 2930 1088 3004 vocatur,
1115 2922 1134 2985 i.
1160 2943 1186 2984 e.
1211 2921 1244 2982 in

151 3171 171 3236 ¹)
191 3172 224 3220 In
244 3170 295 3219 hoc
313 3169 390 3232 libro,
409 3171 456 3234 qui
475 3169 584 3219 editoris
596 3169 706 3218 nomine
725 3174 799 3218 caret
812 3164 904 3232 (apud
916 3168 1049 3218 Jacobum
1062 3167 1177 3230 Dupuys
1195 3165 1244 3214 sub

42 3261 121 3325 signo
141 3253 349 3318 Samaritanae‘3
368 3253 528 3307 ‘excutiebat
546 3256 693 3320 Dionysius
711 3251 885 3318 Duranius),
903 3257 1026 3319 integrae
1044 3253 1077 3302 N.
1096 3253 1179 3302 Fabri
1197 3251 1244 3301 ad-

42 3347 199 3396 notationes
218 3350 245 3393 et
257 3343 383 3393 Pinciani
395 3344 424 3392 in
437 3342 647 3392 declamationes
666 3343 857 3407 castigationes
876 3343 977 3391 insunt.
1000 3340 1164 3407 praecedunt
1183 3339 1245 3405 (hoc

42 3431 149 3494 ordine)
169 3431 374 3492 controversiae,
393 3431 537 3492 misseriae,
556 3428 774 3479 declamationes.

149 3517 170 3582 ²)
189 3517 223 3566 In
236 3516 306 3566 hanc
319 3517 464 3566 sditionem
476 3516 609 3565 Johannis
621 3515 723 3565 Petreii
736 3515 871 3576 Toletani,
889 3513 961 3562 Justi
973 3514 1059 3577 Lipsii
1075 3512 1245 3577 aliorumque

41 3609 163 3656 virorum
183 3603 321 3653 doctorum
340 3604 517 3653 coniectanoa
535 3608 663 3668 congesta
682 3607 752 3651 sunt.

148 3691 169 3754 ³)
188 3689 249 3760 Hoc
268 3704 339 3740 anno
364 3691 479 3754 primum
504 3688 635 3738 Gronovii
653 3684 695 3737 ‘ad
713 3688 744 3737 L.
765 3694 793 3737 et
810 3688 845 3736 M.
866 3687 991 3736 Annaeos
1011 3687 1130 3737 Senecas
1155 3682 1244 3735 notae'

40 3780 133 3830 editae
153 3783 224 3826 sunt.
