2760 4110
107 186 173 251 376
523 200 888 254 eournovnnsmnvu
1166 222 1195 271 p.
1213 206 1266 257 aas
1285 204 1317 255 r.
1358 176 1362 184 ’

108 361 272 424 continere
300 381 364 422 non
390 367 500 443 posset
526 357 705 441 Miltiades,
732 380 813 443 quas
840 359 974 443 alligare
1000 360 1114 443 potuit.
1149 362 1180 423 si
1204 362 1240 424 in
1260 360 1322 425 hoc

108 462 228 527 solutus
252 486 333 545 sum,
357 462 458 527 redde
481 486 533 527 mc
557 465 690 527 carceri.
717 463 769 527 ille
791 464 951 529 Graeciae
975 472 1122 528 servator
1147 473 1184 529 et
1199 464 1323 529 vindex

107 569 281 631 Persarum
297 569 492 653 orientisque
507 567 653 650 domitor,
678 569 729 630 cui
744 567 840 631 modo
856 577 923 632 tam
939 568 1101 651 insignem
1116 568 1324 654 triumphum

106 672 251 735 Fortuna
269 672 309 736 de
324 671 416 736 hoste
433 671 601 755 detulerat,
623 670 794 736 damnatus
810 682 859 736 est
880 670 1059 757 peculatus
1083 671 1126 735 ob
1151 672 1221 737 hoc
1236 672 1324 738 vide-

106 776 182 840 licet
200 777 317 861 ipsum,
339 787 375 840 ut
394 778 578 840 innocentia
599 777 678 858 eiua,
699 798 783 861 quae
803 775 922 861 alioqui
941 775 1042 840 latere
1061 786 1233 861 potuerat,
1256 780 1325 863 ipsa
1355 798 1368 843 s

108 879 313 945 damnatione
330 879 561 945 ostenderetur.
587 878 758 943 damnatus
775 890 823 943 est
838 882 1003 943 innocens.
1028 879 1182 964 quisquis
1198 883 1236 945 in
1252 884 1325 946 civi-

107 993 172 1049 tate
194 987 375 1049 misericors
392 995 450 1067 est,
473 1006 560 1047 mmo
576 986 703 1047 occasio
722 983 964 1048 misericordiae
980 985 1129 1049 eivenit:
1155 985 1325 1050 Miltiades

107 1091 316 1155 redimendus
337 1098 394 1153 est.
415 1089 538 1153 redemi
560 1110 676 1173 corpus
696 1097 797 1171 tuum,
818 1087 974 1172 Miltiade,
996 1110 1036 1151 ne
1056 1087 1168 1151 timeri
1191 1089 1326 1175 quidem

107 1195 333 1277 interfuturam,
361 1195 393 1256 in
418 1192 504 1278 quod
532 1194 713 1277 meipsum
740 1191 973 1277 impenderam.
1005 1193 1167 1256 misereor
1191 1216 1326 1259 accusa·

107 1301 184 1362 toris
204 1300 277 1381 mci,
301 1320 366 1362 non
382 1300 458 1383 quia
477 1296 619 1383 perdidit
638 1296 748 1379 liliam,
770 1296 828 1360 sed
844 1294 852 1381 ΗΗ
868 1298 944 1381 quia
964 1295 1085 1360 habuit.
1112 1295 1241 1381 dignus
1259 1308 1327 1363 erat
1344 1318 1369 1366 ιο

107 1402 225 1467 Callias
241 1402 322 1466 tales
339 1401 470 1485 habere,
487 1400 598 1486 quales
615 1400 760 1465 redemit.
782 1400 897 1485 quodsi
912 1423 964 1464 me
979 1402 1014 1464 in
1029 1399 1115 1463 hanc
1132 1410 1327 1488 stuprorum

108 1509 296 1592 patientiam
323 1505 502 1588 redemisti,
530 1506 732 1569 matrimonio
761 1527 927 1568 carcerem
953 1503 1113 1589 praefero.
1151 1504 1327 1571 honestius

107 1612 191 1696 patri
213 1610 326 1695 alligor
349 1632 446 1695 quam
469 1608 616 1673 adultero
639 1608 754 1672 solvor.
785 1617 821 1672 ut
844 1608 955 1672 audivi
979 1630 1049 1672 esse
1065 1609 1122 1693 qui
1144 1613 1329 1693 pecuniam

107 1725 303 1797 numeraret,
326 1716 458 1778 miratus
482 1736 554 1777 sum
575 1713 673 1777 fuisse
696 1715 730 1776 in
754 1714 882 1776 civitate
905 1722 1014 1776 nostra
1030 1734 1247 1799 quemquam,
1274 1717 1329 1803 qui

108 1818 276 1883 Cimonem
302 1819 463 1883 redimere
492 1842 589 1904 quam
616 1816 786 1881 Miltiaden
815 1816 988 1881 maluisset.
1025 1839 1086 1900 ego
1118 1839 1160 1880 ne
1195 1829 1329 1904 patrem
1346 1836 1369 1887 15

66 1920 84 1984 7
109 1924 241 2009 quidem
263 1947 386 2008 meum,
410 1926 470 1989 nisi
493 1926 649 1987 innocens
672 1923 799 2005 fuisset,
824 1922 1043 1986 redemissem.
1072 1922 1218 1988 limum.
1249 1924 1329 1990 Obi-

109 2030 173 2092 eiat
191 2028 267 2092 licet
284 2030 423 2112 sineula,
447 2050 624 2113 numquam
643 2037 753 2092 tamen
774 2027 903 2110 efficiet,
923 2035 1038 2090 utnon
1058 2028 1163 2109 magis
1188 2050 1329 2094 carcere

108 2133 228 2217 glorier
250 2156 347 2219 quam
363 2135 574 2197 matrimonio.
600 2132 719 2196 diversi
734 2141 809 2195 sunt
830 2130 995 2194 hominum
1019 2129 1185 2195 adfectus:
1212 2141 1251 2197 tu
1266 2134 1329 2199 for-

108 2246 208 2320 tasse,
233 2236 350 2320 Callia,
374 2237 504 2301 vincrda
533 2259 597 2301 non
624 2246 715 2322 potes
743 2236 843 2318 ferre;
873 2256 933 2319 ego
961 2234 1143 2299 adulteram
1169 2258 1326 2302 uxorem.

109 2342 265 2426 effugient
281 2365 357 2426 ergo
373 2341 511 2405 adulteri
526 2352 692 2425 tamquam
707 2339 853 2424 alligatas
870 2339 1012 2403 Cimonis
1027 2338 1164 2401 manus?
1191 2340 1329 2407 Auerru-
1345 2358 1369 2407 21

108 2468 193 2509 ram.
218 2446 437 2531 Redemptum
459 2468 511 2508 me
533 2446 678 2531 protinus
700 2443 863 2529 appellare
885 2445 991 2527 coepit
1014 2442 1054 2505 dc
1078 2441 1163 2506 liliae
1189 2450 1328 2531 nuptiis.

110 2553 235 2613 ‘statim'
263 2552 395 2635 inquam
419 2548 547 2613 ‘Callias
576 2550 751 2633 experitur,
779 2571 822 2611 an
848 2557 959 2631 gratus
988 2549 1066 2609 sim'.
1104 2550 1125 2627 †
1154 2545 1267 2613 habes
1296 2554 1329 2615 in

109 2653 227 2717 Callias
251 2656 319 2718 sinc
343 2654 485 2718 Cimone.
514 2675 572 2738 pro
603 2676 668 2716 una
691 2660 793 2735 rogat,
823 2651 903 2714 duos
933 2652 1034 2735 eripit.
1064 2651 1166 2713 vau
1193 2650 1328 2720 Srnnss,

199 2867 244 2911 OD
273 2866 284 2910 1
305 2864 472 2913 continerem
492 2868 515 2911 B
538 2861 546 2929 Η
570 2862 715 2912 militiades
734 2866 755 2911 0
776 2858 785 2928 ΗΗ
808 2859 948 2909 itsolutus
966 2857 1034 2925 sum]
1059 2858 1128 2920 D⁹s3
1152 2858 1267 2912 solutus
1295 2869 1330 2925 0,

110 2949 214 2999 solvisti
237 2950 291 2999 Kss
313 2947 321 3015 Η
344 2951 446 2999 carceri
474 2951 495 3013 (i
518 2967 583 2999 corr.
603 2966 635 2998 ea
653 2950 680 3011 e)
703 2954 726 2997 B
750 2946 758 3014 Η
780 2948 846 2997 illae
869 2952 919 2995 BV
943 2944 951 3014 Η
974 2947 1077 3012 gratiae
1095 2951 1119 2994 B
1142 2948 1254 3010 gratiae
1274 2956 1305 3000 V
1323 2948 1332 3017 Η

110 3039 128 3085 4
140 3042 197 3085 oste
210 3041 233 3084 B
247 3034 255 3103 Η
268 3036 301 3086 ab
314 3041 337 3084 B
372 3039 387 3085 ὁ
401 3037 583 3085 innocentiam
598 3040 621 3085 0
634 3034 694 3084 rad.
707 3052 773 3084 corr.
786 3037 815 3083 in
826 3041 851 3083 D
864 3030 872 3101 Η
885 3035 932 3098 qui
944 3034 980 3082 D¹
994 3031 1001 3085 1·
1015 3036 1030 3082 6
1043 3030 1197 3098 iquisquis]
1215 3038 1282 3101 quis
1297 3043 1332 3099 0,

111 3125 165 3189 (si)
183 3126 243 3189 quis
261 3124 316 3174 Kar
333 3120 341 3191 Η
361 3125 500 3173 ciuitatem
521 3128 544 3173 0
569 3184 571 3189 ,
591 3125 605 3172 7
625 3123 673 3173 *ei
692 3120 777 3188 venit]
791 3122 898 3171 inuenit
917 3125 938 3170 G
956 3122 1033 3170 uenit
1045 3126 1091 3170 Dc
1104 3122 1169 3185 (op),
1187 3120 1234 3171 illi
1248 3128 1333 3176 renit

115 3214 153 3265 (ἔκ
176 3212 177 3269 J
206 3214 374 3262 occasionem
398 3211 598 3261 misericordiae
622 3211 728 3260 invenit
745 3209 784 3258 Ba
803 3209 881 3271 (Kos)
905 3206 912 3273 33
936 3207 1082 3257 militiades
1101 3211 1122 3256 G
1144 3204 1152 3272 ΗΗ
1176 3207 1192 3255 8
1218 3211 1332 3263 redemi

111 3300 193 3366 (post.
213 3316 228 3350 e
246 3318 311 3350 corr.
331 3318 363 3350 aa
380 3301 400 3362 i)
420 3304 447 3348 A
465 3296 473 3365 Η
492 3298 625 3347 militiade
645 3302 666 3347 G
684 3295 693 3364 ΗΗ
712 3297 800 3346 funeri
820 3297 841 3360 (i
854 3314 919 3346 corr.
932 3312 964 3345 ex
977 3294 1002 3353 el
1017 3300 1044 3344 A
1062 3294 1064 3335 ἱ
1090 3296 1123 3342 10
1136 3293 1250 3364 dignus]
1265 3304 1331 3363 Βτς

113 3388 224 3453 dignum
244 3392 265 3438 0
283 3384 292 3427 l
312 3390 342 3435 11
357 3385 488 3451 galliasc
506 3400 514 3452 s¹
534 3384 646 3434 haberet
658 3390 686 3432 V
709 3381 711 3449 J
733 3386 763 3432 12
783 3383 913 3432 redimisti
933 3386 974 3448 cg
1000 3381 1122 3447 praefers
1135 3385 1158 3428 B
1177 3378 1186 3447 ΗΗ
1208 3385 1242 3432 13
1256 3387 1333 3448 foi-t,

111 3475 246 3526 adulterio
269 3475 315 3540 My
337 3470 345 3541 ΗΗ
371 3477 403 3523 14
425 3479 579 3522 muneraret
597 3477 624 3519 V
648 3470 656 3513 ¹.
680 3471 733 3520 fuis
756 3476 779 3519 B
804 3468 813 3537 ΗΗ
836 3471 883 3535 qui
905 3487 953 3519 oni.
977 3474 1000 3517 B
1023 3467 1032 3536 ΗΗ
1057 3471 1087 3517 15
1111 3469 1254 3533 gimenem
1273 3478 1305 3521 V
1325 3476 1334 3541 Ἰ

113 3563 265 3623 militiaden
279 3566 300 3611 G
313 3560 462 3611 miltiadem
476 3566 500 3608 D
513 3558 515 3622 ζ
537 3561 567 3608 16
581 3555 699 3624 quidem]
714 3558 780 3622 quid
793 3563 832 3606 est
845 3562 896 3606 AB
909 3554 917 3623 ΗΗ
930 3556 1087 3606 redemisset
1099 3560 1122 3603 B
1135 3552 1143 3621 Η
1157 3554 1271 3607 obiceat
1285 3565 1311 3611 G
1325 3560 1334 3627 Η

115 3650 146 3697 18
165 3648 266 3714 glorior
284 3653 335 3697 BV
353 3645 362 3714 Η
380 3643 529 3712 hominum]
549 3645 586 3695 12²
605 3645 716 3707 (Hero),·
740 3645 859 3693 omnium
880 3647 903 3692 0
926 3641 935 3709 ΗΗ
962 3644 993 3691 19
1012 3642 1097 3705 pallia
1116 3646 1137 3691 G
1156 3641 1255 3693 callias
1275 3653 1304 3695 D
1324 3647 1334 3715 ΗΗ

115 3742 204 3799 potest
216 3741 267 3785 AB
285 3733 293 3801 Η
313 3737 346 3783 ‘io
358 3736 473 3800 gimonis
486 3740 513 3781 V
529 3758 536 3799 5'
556 3735 587 3782 21
603 3734 674 3799 cepit
687 3737 710 3780 B
727 3730 735 3797 Η
755 3733 845 3795 nuptis
859 3736 880 3781 G
892 3729 900 3797 Η
914 3732 946 3779 22
960 3730 1056 3795 gallias
1070 3734 1091 3780 0
1109 3727 1117 3796 Η
1136 3730 1169 3777 23
1183 3730 1287 3794 gallias
1303 3742 1333 3786 A

101 3821 211 3885 gallian
221 3820 393 3873 BVealliam
404 3828 430 3873 D
439 3860 447 3891 Η
459 3824 621 3873 cimonemB
632 3821 786 3888 gimeneV¹
799 3818 882 3868 habes
892 3817 975 3867 tiliam
987 3818 1032 3882 (en
1039 3816 1146 3867 Callian
1153 3813 1256 3879 Senon)
1267 3823 1335 3875 sine
