2760 4110
583 169 777 221 EXCERPTA

642 431 716 495 VII.

391 604 467 654 NON
485 605 643 655 RECEPTI
661 606 706 655 AB
727 607 971 658 IMPERATORE.

310 744 413 808 Nocte
436 745 471 808 in
494 743 578 808 bello
601 754 710 830 portas
734 749 859 832 aperire
883 770 923 810 ne
946 747 1049 811 liceat.

235 849 416 934 Imperator
435 851 469 913 in
489 848 574 913 bello
599 872 756 915 summam
780 850 900 916 habeat
922 862 1122 938 potestatem.

211 953 364 1018 Trecenti
387 953 428 1018 ab
452 954 544 1018 hoste
568 957 686 1040 captivi
709 955 752 1020 ad
774 965 884 1042 portas
907 967 1001 1021 nocte
1023 969 1193 1042 venerunt,
1319 977 1335 1024 5

167 1060 342 1144 imperator
357 1082 421 1123 non
436 1061 577 1144 aperuit3
593 1069 667 1124 ante
682 1071 791 1146 portas
808 1063 905 1125 occisi
922 1072 1004 1126 sunt.
1022 1064 1195 1148 imperator

165 1173 238 1249 post
252 1165 419 1228 victoriam
445 1187 520 1229 reus
544 1174 593 1228 est
614 1164 722 1230 laesae
745 1168 791 1230 rei
806 1165 966 1252 publicae.

166 1269 241 1332 Non
255 1271 367 1354 putavi
382 1291 480 1333 meos.
504 1280 662 1334 noverant
677 1270 792 1355 legem.
818 1294 886 1354 cur,
902 1273 1015 1356 inquit,
1031 1275 1166 1336 trecenti
1181 1275 1283 1359 perie-

78 1373 175 1437 runt?
203 1376 299 1437 immo
324 1397 392 1457 cur,
415 1397 456 1438 ne
479 1376 631 1460 perirent,
656 1377 742 1460 capti
766 1375 861 1440 sunt?
890 1375 948 1438 hos
972 1399 1032 1460 ego
1055 1376 1195 1441 interdiu
1218 1401 1284 1443 non

77 1479 275 1563 recepissem
303 1479 364 1542 nisi
386 1477 558 1565 vietellres‚
586 1488 683 1543 noctu
705 1503 746 1544 ne
769 1482 907 1544 victores
931 1481 1070 1565 quidem.
1101 1482 1283 1567 procedens
1305 1499 1336 1546 10

80 1582 233 1668 postridie
254 1584 287 1646 in
306 1582 462 1668 proelium
481 1586 670 1668 pugnaturis
691 1583 815 1648 ostendi
831 1594 1003 1668 trecentos,
1023 1585 1188 1670 inquibus
1204 1585 1283 1650 nihil

77 1686 205 1751 laudari
228 1696 332 1773 potest
353 1697 483 1772 praeter
504 1688 625 1773 fugam,
648 1688 728 1753 nihil
750 1688 928 1753 desiderari
950 1699 1080 1775 praeter
1102 1713 1281 1754 numerum.

80 1792 207 1876 fugiunt
229 1802 264 1856 ut
285 1791 375 1876 leges
397 1792 594 1877 relinquant,
617 1802 824 1857 revertuntur
849 1802 885 1857 ut
911 1793 1031 1858 tollant.
1063 1795 1199 1879 populus
1223 1796 1283 1859 Ro-

80 1919 196 1960 manus
219 1896 382 1960 Cannensi
404 1896 525 1982 proelio
548 1900 582 1961 in
605 1920 745 1962 summas
761 1898 913 1962 redactus
929 1900 1104 1983 angustias,
1129 1922 1202 1962 eum
1219 1922 1283 1963 ser-

80 2023 194 2064 vorum
215 1999 416 2065 desideraret
433 2000 564 2085 auxilia,
588 2004 788 2087 captivorum
810 2005 1000 2088 contempsit
1019 2012 1050 2066 et
1071 2003 1208 2067 eredidit
1228 2027 1283 2068 cos
1306 2022 1337 2069 15

79 2104 262 2169 libertatem
285 2108 388 2191 magis
403 2108 485 2170 tueri
501 2129 606 2192 posse,
631 2109 685 2192 qui
701 2130 878 2192 numquam
893 2106 1090 2191 habuissent,
1114 2131 1212 2193 quam
1228 2111 1283 2193 qui

81 2210 305 2296 perdidissent.
331 2221 425 2275 nocte
442 2211 601 2296 quomodo
617 2210 743 2276 hostem
760 2214 928 2297 civemque
945 2212 1161 2296 distinguam?
1186 2235 1284 2297 quam

79 2314 158 2378 mihi
182 2315 240 2378 clas
268 2325 390 2399 notam,
421 2326 456 2380 ut
479 2339 569 2379 arma
593 2316 813 2400 cognoscam?
847 2316 944 2380 credo
972 2319 1007 2379 in
1029 2317 1152 2380 insidiis
1175 2316 1284 2380 hostes

80 2419 190 2503 fuisse,
213 2430 248 2484 ut
272 2420 421 2484 exclusos
445 2420 641 2504 occiderent,
664 2430 876 2506 sequerentur
898 2420 1064 2485 admissos.

169 2525 250 2588 Pars
273 2525 383 2589 altera.
415 2525 555 2589 Infestus
577 2527 730 2589 trecentis
752 2525 828 2607 fuit3
859 2526 968 2609 iniquo
993 2526 1172 2589 conlocavit
1194 2525 1282 2607 loeo3
1303 2545 1338 2591 20

82 2630 144 2693 hoo
174 2653 214 2693 ne
241 2632 334 2714 argui
360 2638 478 2715 posset,
510 2651 573 2692 non
600 2631 731 2714 recepit.
768 2631 852 2714 capti
884 2638 958 2692 sunt
982 2629 1144 2693 fortissimi
1174 2629 1284 2713 duces,

172 2838 315 2907 ΜΡαβνπ
342 2842 358 2888 3
382 2840 411 2888 in
433 2857 480 2889 om.
504 2850 552 2889 απ
579 2837 587 2893 Η
615 2838 686 2889 bello
709 2856 774 2888 corr.
798 2856 829 2889 ex
856 2838 922 2888 tello
947 2845 978 2887 M
1002 2896 1004 2905 Ι
1031 2835 1140 2908 {portas
1163 2844 1194 2886 M
1218 2841 1285 2902 peri·

82 2932 156 2976 turos
175 2932 198 2975 P
218 2924 226 2993 l
244 2924 288 2993 ne]
309 2944 363 2976 non
382 2924 516 2993 Ρὸαβνπ
533 2944 541 2992 Η
560 2925 625 2975 lieet
638 2930 661 2974 P
679 2922 688 2991 ΗΗ
707 2928 722 2974 4
741 2925 857 2975 habebat
875 2930 898 2973 P
916 2922 925 2992 ΗΗ
943 2930 1103 2991 potestatem
1122 2926 1221 2975 habeat
1239 2940 1259 2975 α
1277 2926 1286 2992 Η

82 3017 99 3065 5
123 3015 199 3065 hoste
223 3032 288 3064 corr.
307 3013 360 3064 oid.
379 3030 411 3063 ex
429 3013 506 3062 haste
528 3017 560 3061 M
582 3010 590 3079 ΗΗ
613 3019 693 3062 nocte
715 3030 781 3061 corr.
799 3011 852 3062 oid.
871 3030 903 3062 ea
921 3018 1000 3062 necte
1019 3018 1051 3062 M
1072 3010 1080 3079 ΗΗ
1104 3015 1218 3062 ueniunt
1236 3018 1259 3060 P
1278 3012 1286 3079 Η

85 3099 190 3169 treus]
209 3115 333 3152 reuersus
350 3114 390 3165 a*
415 3105 455 3149 est
471 3117 519 3149 oar.
537 3111 564 3149 π
581 3097 589 3166 ΗΗ
608 3101 664 3165 reip
682 3117 746 3149 corr.
765 3116 797 3149 ex
813 3101 886 3163 reipe
904 3105 935 3148 M
951 3096 959 3165 ΗΗ
978 3102 994 3148 8
1014 3101 1042 3149 in
1060 3115 1106 3149 eos
1124 3114 1144 3149 α
1166 3098 1174 3165 Η
1197 3103 1212 3149 t)
1232 3116 1286 3149 non

83 3192 216 3256 perissent
234 3199 283 3238 απ
304 3184 312 3255 Η
336 3186 469 3237 interdum
488 3201 508 3236 α
531 3188 559 3235 in
578 3187 622 3236 die
640 3199 667 3237 π
688 3183 697 3253 ΗΗ
722 3189 754 3236 10
772 3201 823 3235 nec
841 3187 928 3236 M³Pa
946 3184 953 3229 l
976 3190 1003 3235 11
1025 3188 1162 3252 postridue
1180 3192 1203 3235 P
1227 3193 1287 3251 post

83 3279 201 3328 triduum
226 3288 253 3327 π
279 3274 287 3343 Η
312 3275 425 3341 prelium
450 3291 516 3323 corr.
539 3290 571 3323 ex
595 3273 710 3339 prolium
733 3280 764 3322 M
789 3271 798 3340 Η
825 3280 993 3339 pugnaturus
1017 3274 1064 3338 (aie
1084 3275 1146 3339 Ρπ)
1169 3292 1234 3323 corr.
1256 3291 1287 3323 ea:

84 3367 242 3432 pugnatoris
267 3371 298 3413 M
325 3360 333 3430 Η
361 3362 466 3413 laudari
490 3361 557 3411 nihil
582 3373 631 3413 απ
654 3362 662 3426 Η
689 3363 719 3410 12
737 3368 804 3426 post.
826 3360 941 3428 praeter]
966 3368 1043 3428 praet
1064 3363 1105 3410 M¹
1128 3380 1193 3411 corr.
1216 3358 1282 3425 ΜΓ,

89 3456 118 3503 13
137 3454 234 3520 figiunt
253 3452 295 3502 M¹
314 3470 379 3501 corr.
398 3450 461 3499 M³=
485 3450 600 3499 redeunt
619 3455 649 3498 ut
666 3461 715 3500 απ
737 3446 745 3515 ΗΗ
770 3451 802 3497 11
819 3452 898 3499 veroa
916 3448 1052 3499 Cannensi
1071 3488 1077 3499 .
1097 3487 1102 3498 .
1122 3488 1127 3499 .
1147 3448 1287 3512 angustias

84 3559 132 3591 om.
145 3546 168 3590 P
187 3538 194 3607 Η
213 3539 317 3607 proelio
331 3539 372 3587 M¹
388 3540 493 3603 priuao
508 3536 554 3587 del.
568 3536 611 3585 M³
628 3534 636 3604 ΗΗ
658 3538 687 3585 17
701 3539 816 3601 eiusque
829 3537 871 3584 M¹
884 3554 949 3586 corr.
963 3536 1006 3585 Ml
1024 3564 1026 3577 ι
1051 3536 1220 3601 ‹lestinguam
1235 3540 1266 3582 M

88 3630 119 3678 18
139 3628 214 3677 dabis
233 3638 260 3677 π
282 3625 290 3693 Η
313 3625 392 3675 credo
416 3642 481 3674 corr.
501 3642 533 3675 ex
555 3623 634 3673 crode
657 3637 678 3674 α
700 3624 708 3685 ζ’
731 3624 760 3672 in
778 3641 825 3673 om.
846 3635 873 3673 π
895 3620 903 3691 Η
926 3624 1029 3673 uisidiis
1052 3628 1075 3671 P
1099 3620 1106 3685 Η
1129 3623 1206 3672 hoste
1230 3633 1256 3670 π

90 3717 120 3763 111
144 3715 202 3779 <et>
226 3720 405 3778 sequerentur
424 3723 451 3761 π
473 3709 480 3763 l
504 3711 633 3761 admissos
656 3728 721 3760 corr.
740 3727 772 3760 ex
794 3712 906 3760 amissos
928 3715 960 3759 M
982 3706 990 3777 Η
1013 3712 1047 3759 20
1066 3710 1179 3759 infestus
1202 3709 1288 3773 <illiso

85 3804 215 3851 trecentis
233 3812 302 3864 απ]
327 3802 359 3847 21
380 3800 429 3849 hos
447 3804 470 3847 P
488 3796 497 3865 Η
515 3801 559 3864 agi
578 3799 661 3865 possit
679 3795 774 3866 Mscss
791 3799 848 3863 agit
866 3799 950 3863 possit
967 3803 990 3846 P
1009 3799 1053 3864 agi
1072 3803 1181 3863 possent
1199 3810 1244 3847 νπ
