2760 4110
96 212 123 261 p.
143 196 193 245 aas
211 196 243 245 n.
591 194 662 245 mr,
674 194 701 245 11
730 196 806 245 a-i.
1236 174 1297 237 197

94 350 185 437 quod
200 350 265 415 filio
281 352 420 431 negari?
437 352 562 414 miraris
579 349 727 414 dubitare
744 350 892 435 patrem?
909 350 963 415 lex
979 352 1049 436 ipso
1064 352 1147 414 inter
1162 359 1298 414 mortem

34 458 40 468 '
95 466 130 521 et
152 457 278 541 nuptias
303 455 401 519 dubia
418 470 473 519 est.
499 476 627 540 semper
650 454 709 517 sibi
734 455 831 518 lirore
855 458 960 518 omnia
982 454 1128 539 eredidit,
1152 455 1229 519 nihil
1245 476 1297 521 me

95 583 250 645 umquam
265 562 400 644 rogarit.
425 562 557 643 ignovit,
580 562 692 645 inquit.
716 561 758 623 ita
775 559 889 644 aliquis
912 569 986 623 ante
1010 582 1061 623 me
1077 573 1207 644 rogatus
1224 561 1297 624 est?

96 664 231 728 demens
254 686 335 747 sum,
358 664 465 748 rides,
494 666 643 727 nimirum
670 666 806 749 turpiter
832 665 921 746 tiro,
949 664 1054 749 legem
1080 666 1204 749 ignoro,
1228 665 1297 729 dios

56 778 169 835 otuos
192 792 256 833 non
271 792 414 833 numero.
447 769 590 851 demens,
614 771 725 853 inquit,
748 791 791 832 es.
816 779 920 853 potest
936 769 1050 853 aliquis
1066 772 1233 853 ignoseere
1250 772 1296 833 sic

94 874 244 958 roganti?
268 873 455 938 deliberabo
479 896 552 937 rum
576 875 697 956 anneis,
723 872 910 937 deliberabo
934 896 1007 936 eum
1023 875 1219 959 propinquis.
1244 898 1295 939 mo

94 981 264 1062 miserum,
286 1000 383 1063 quam
403 1001 506 1063 paene
528 979 673 1062 promisi!
698 1001 716 1038 o
736 1000 788 1041 me
809 980 971 1059 miserum,
993 977 1080 1062 quod
1099 988 1223 1041 tautum
1244 980 1296 1042 tri·

94 1085 185 1167 ginta
208 1081 322 1146 diebus
339 1084 434 1146 irasei
449 1084 593 1168 possunt!
618 1082 696 1166 quid
712 1084 850 1164 miraris,
875 1084 900 1145 si
916 1082 1004 1146 illum
1020 1084 1112 1147 eitius
1129 1082 1295 1145 exorasti?

94 1186 220 1252 facilius
249 1198 297 1252 ost
318 1190 468 1251 iniuriam
492 1187 612 1251 donare
636 1209 734 1271 quam
758 1189 888 1251 erimen.
920 1186 1062 1272 procede
1086 1189 1120 1250 in
1143 1186 1295 1270 medium,

39 1310 75 1357 to
96 1314 212 1376 senex,
237 1294 326 1355 euius
348 1291 569 1356 miserirortliu
598 1291 737 1355 erudelis
761 1314 841 1354 sum.
872 1293 950 1375 iam,
978 1293 1079 1376 inquit
1085 1342 1094 1373 ‚
1121 1300 1294 1376 angustum

93 1407 221 1482 tempus
238 1407 299 1461 ost:
317 1406 349 1461 et
364 1396 419 1460 tibi
436 1406 532 1460 raeat
553 1397 748 1481 vaeeusare?
770 1397 815 1458 sie
833 1396 947 1480 aliquis
964 1396 1099 1459 exorat?
1120 1398 1165 1459 sie
1183 1396 1294 1481 [lepre-

95 1505 208 1565 catur?
232 1511 367 1587 apparet
388 1524 473 1564 nune
494 1510 524 1565 te
545 1502 684 1585 primum
703 1522 828 1581 rogare.
855 1499 932 1584 quid
953 1502 1038 1563 eninr
1057 1510 1221 1584 tamquam
1241 1500 1295 1565 de

93 1629 185 1670 mens
202 1608 275 1691 egi?
298 1628 362 1669 non
378 1628 449 1669 sum
466 1615 627 1669 exoratus,
651 1604 794 1667 nondum
809 1607 934 1668 transiit
949 1616 1085 1689 tempuS,
1110 1607 1294 1668 etiamnunc

79 1713 223 1776 exorari
245 1732 385 1796 possum.
414 1732 511 1802 quam
531 1711 650 1773 inieum
674 1718 722 1772 est
742 1709 884 1773 nondum
905 1732 975 1773 esse
996 1732 1047 1772 me
1071 1718 1241 1772 nocentem
1262 1718 1295 1773 et

38 1830 75 1879 15
93 1817 159 1879 iam
181 1816 285 1878 reum!

181 1920 261 1983 Pars
273 1919 383 1982 altera.
402 1919 455 1982 Mo
468 1920 630 1999 miserum,
647 1920 751 2002 pater!
768 1920 835 1982 irae
852 1927 926 1982 tuae
943 1917 1125 1981 detractum
1141 1928 1189 1982 est
1204 1917 1292 2001 nihil,

93 2023 229 2109 tempori
249 2022 391 2087 multum.
417 2022 574 2086 infelicior
597 2045 677 2104 sum,
701 2045 798 2107 quam
823 2025 847 2085 si
873 2036 1022 2086 neutrum
1045 2044 1240 2086 exorassem.
1266 2024 1291 2085 si

89 2140 278 2191 ¹servaturus
302 2149 336 2190 es
359 2126 474 2209 filium,
498 2128 561 2191 iam
584 2137 710 2212 tempus
733 2126 806 2209 fuit,
830 2129 856 2190 si
880 2128 1055 2209 orcistram,
1078 2128 1143 2189 iam
1165 2136 1292 2211 tempus

93 2241 150 2296 est.
175 2233 261 2316 prior
284 2241 414 2315 rogatus
438 2241 486 2295 est
510 2233 563 2316 qui
587 2233 689 2314 magis
713 2230 895 2295 timebatur.

655 2476 730 2539 ΙΙΙΙ.

364 2633 480 2683 noros
499 2634 548 2683 un
567 2634 780 2685 ntuunrmou
799 2634 1009 2685 srsourrvs.

221 2753 398 2818 Abdicauit
425 2754 556 2840 quidam
583 2756 702 2837 lilium3
733 2755 902 2819 abdicatus
933 2778 967 2819 se
999 2755 1131 2819 eontulit
1160 2754 1204 2818 ad

178 2862 381 2923 meretricem
408 2869 440 2922 et
466 2883 507 2923 ex
536 2882 574 2923 ea
598 2860 724 2924 sustulit
749 2860 859 2925 filium.
890 2882 990 2945 aeger
1012 2860 1055 2924 ad
1078 2869 1203 2945 patrem

178 3039 232 3082 MP
259 3038 271 3082 1
292 3031 410 3102 negauiZ
429 3035 450 3099 (t
469 3035 547 3101 eruo.)
567 3041 598 3084 M
616 3030 619 3060 ¹
642 3037 720 3085 vei-bo
739 3037 842 3085 miraris
862 3074 868 3085 .
887 3074 911 3085 ..
931 3037 1036 3100 rogavit
1056 3038 1090 3096 (r.
1109 3038 1138 3097 3)
1157 3052 1204 3084 om.
1222 3034 1289 3084 M¹P

88 3120 194 3187 (babent
212 3120 293 3190 αβν),
313 3126 340 3171 ia
358 3140 439 3188 rtrurp.
458 3141 506 3172 scr.
521 3122 563 3171 M¹
582 3124 769 3180 (vocabulorum
788 3137 901 3187 semper,
920 3122 1041 3184 eredidit,
1060 3137 1189 3187 umquam
1204 3128 1289 3186 poste-

88 3212 170 3259 riores
188 3210 297 3274 oylloboe
320 3208 389 3276 [per,
409 3210 483 3271 didit,
503 3209 599 3275 quani]
622 3213 716 3259 recisae
734 3216 792 3259 stant
810 3216 833 3259 et
852 3228 867 3258 α
886 3210 929 3258 M³
948 3212 1109 3271 renovatae),·
1131 3209 1193 3258 leaeo
1210 3211 1290 3259 aerbo

83 3302 145 3363 poet
163 3303 271 3361 rogatus
291 3303 330 3345 est
351 3300 432 3357 (11.3)
452 3296 646 3361 trumpouencln
665 3313 716 3346 erre
734 3314 799 3347 cena
812 3297 866 3347 Koa
884 3294 886 3319 ¹
911 3302 975 3346 aute
994 3311 1036 3345 me
1055 3292 1174 3361 rogatus]
1194 3296 1289 3359 M¹m³3

87 3390 137 3434 aut
149 3384 236 3449 (tam)
249 3392 349 3433 temere
362 3390 473 3451 rogatus
486 3384 552 3433 M³P
597 3392 660 3434 ante
673 3400 716 3435 me
735 3385 833 3450 aliquis
852 3391 961 3450 rogatus
980 3381 1002 3451 p
1020 3380 1027 3413 ¹'
1046 3386 1062 3432 5
1082 3380 1145 3447 non]
1160 3398 1224 3431 num
1239 3386 1263 3431 P
1281 3380 1289 3433 l

87 3473 179 3538 inquis
201 3487 219 3522 ν
242 3476 296 3537 (ry)
356 3474 371 3521 8
396 3474 493 3538 possim
517 3477 540 3521 P
563 3484 565 3492 ·
595 3470 708 3538 inituris]
732 3470 849 3540 Μῐαβνς
872 3474 967 3520 mirum
987 3470 1054 3520 M³P
1082 3468 1090 3537 l¹
1118 3472 1133 3519 9
1157 3469 1221 3519 dare
1239 3476 1263 3520 P

91 3562 122 3609 10
142 3558 257 3608 crudelis
276 3558 343 3626 sum]
369 3559 455 3622 P²ctr3
479 3559 693 3609 crudelissimum
717 3560 759 3609 Ml
783 3558 842 3608 rod.
865 3576 931 3608 corr.
954 3556 997 3608 Μ2
1022 3557 1148 3607 credulus
1171 3572 1231 3607 sum
1253 3558 1288 3607 1²¹

87 3661 148 3696 sum
167 3646 283 3695 crudelis
303 3645 325 3715 p
348 3646 350 3651 '
381 3650 411 3695 14
435 3648 559 3712 iniquum
583 3646 650 3695 M³P
673 3644 675 3655 ¹
707 3648 737 3695 16
762 3643 812 3712 est]
833 3641 867 3714 εξ
885 3652 917 3695 Μ
939 3642 946 3711 l
973 3647 1002 3693 17
1022 3644 1152 3694 infelitior
1175 3650 1207 3693 Μ
1229 3642 1238 3711 ll
1261 3660 1289 3695 se

88 3740 213 3784 neutrum
233 3734 274 3783 Μ1
293 3752 359 3784 corr.
372 3732 436 3798 ΜΠ
460 3749 610 3784 exorassem
629 3752 695 3783 corr.
708 3750 740 3783 ex
758 3748 893 3783 exorarem
912 3737 936 3782 P
959 3762 961 3767 -
982 3734 1014 3783 18
1028 3734 1164 3783 occisurus
1181 3748 1290 3783 corneae

86 3822 223 3872 occisurus
242 3827 273 3870 M
318 3823 363 3871 ian
382 3822 423 3870 Μ1
443 3839 508 3871 corr.
527 3820 597 3889 M³l1¹
618 3824 648 3871 19
668 3816 832 3893 ϊίωθῦέῇωτ
850 3820 885 3887 tu
901 3820 983 3885 eroso
995 3825 1036 3870 M
