2760 4110
471 778 869 874 PRAEFATIO.

171 1121 210 1184 L.
228 1120 382 1184 Annaeus
400 1119 525 1184 Seneca
540 1119 770 1203 Cordubensis,
786 1142 883 1205 quem
898 1130 1023 1205 patrem
1038 1120 1091 1185 vel
1106 1119 1268 1184 rhetorem

66 1227 235 1289 nominare
248 1225 397 1307 solemus,
412 1234 449 1288 ut
464 1247 483 1287 a
495 1223 682 1309 philosopho
695 1223 820 1289 Seneca
833 1247 906 1288 eum
922 1224 1152 1308 discernamus,
1168 1246 1268 1310 eques

64 1330 234 1393 Romanus
249 1329 309 1392 fuit
328 1327 590 1413 temporibusque
606 1327 784 1392 Caesarum
799 1327 939 1414 Augusti
960 1338 992 1392 et
1007 1329 1128 1393 Tiberii
1151 1328 1265 1392 floruit.

64 1435 159 1496 cuius
180 1432 222 1496 de
238 1434 315 1515 vita,
338 1431 450 1495 studiis
473 1434 662 1518 scriptisque
687 1455 761 1496 cum
783 1455 844 1496 nec
867 1432 968 1496 multa
990 1455 1051 1496 nec
1074 1435 1150 1496 satis
1178 1442 1267 1496 certa

65 1538 242 1600 memoriae
258 1535 384 1620 prodita
400 1538 473 1619 sint,
488 1538 662 1621 praecipue
679 1559 718 1599 ea
734 1538 824 1621 sequi
840 1545 973 1621 oportet,
990 1559 1073 1622 quae
1089 1538 1158 1621 ipse
1174 1535 1215 1600 de
1232 1557 1266 1599 se

64 1650 163 1726 atque
188 1639 377 1725 aequalibus
401 1642 671 1704 commemoravit.
696 1663 739 1703 ex
761 1639 810 1703 his
827 1649 961 1726 apparet
977 1662 1051 1704 eum
1066 1642 1171 1704 virum
1188 1641 1266 1703 anti·

63 1767 150 1829 quae
167 1746 346 1808 severitatis
362 1744 605 1829 litterarumque
621 1743 886 1808 studiosissimum
901 1744 1009 1828 fuisse,
1027 1745 1091 1829 qui,
1107 1766 1182 1808 cum
1198 1746 1265 1828 ipse

64 1850 126 1912 arti
150 1849 308 1912 oratoriae
324 1870 456 1932 operam
480 1847 581 1930 daret,
606 1848 647 1912 de
671 1856 820 1933 corrupta
841 1847 924 1911 illius
948 1849 1061 1912 aetatis
1084 1847 1265 1933 eloquentia

63 1974 165 2038 quam
196 1952 288 2015 firmo
317 1962 348 2015 et
371 1951 490 2016 acerbo
512 1962 579 2017 tam
601 1963 689 2016 recto
713 1963 745 2016 et
768 1951 874 2016 subtili
897 1952 1014 2016 iudicio
1037 1974 1112 2015 usus
1135 1954 1183 2016 sit.

169 2055 268 2120 Plura
297 2056 337 2120 de
366 2057 519 2142 scriptore
548 2056 669 2120 addere
698 2057 803 2141 deque
830 2054 942 2120 studiis
970 2055 1149 2139 rhetoricis,
1181 2078 1264 2141 quae

63 2159 208 2244 Augusti
232 2170 336 2224 aetate
360 2160 482 2224 Romae
511 2160 709 2244 colebantur,
740 2162 922 2224 accuratius
952 2181 1114 2244 exponere
1137 2158 1263 2223 abhoc

63 2264 137 2327 loco
160 2263 300 2328 alienum
323 2274 380 2328 est.
405 2287 465 2328 nec
489 2266 616 2328 omnino
639 2286 718 2349 opus
735 2287 805 2328 esse
821 2265 982 2345 existim03
1004 2286 1080 2327 nam
1103 2272 1136 2326 et
1154 2265 1186 2346 ii,
1209 2265 1264 2349 qui

60 2367 242 2452 litterarum
264 2367 455 2431 Latinarum
486 2368 538 2432 vel
569 2370 739 2432 universae
770 2367 970 2453 eloquentiae
1000 2366 1164 2431 historiam
1191 2389 1263 2430 con-

60 2474 270 2556 scripserunt,
294 2494 518 2557 quaecumque
546 2471 589 2535 ad
605 2471 765 2536 Senecam
787 2481 913 2556 patrem
940 2472 1100 2556 pertinent
1119 2470 1263 2535 sollerter

60 2574 263 2660 collegerunt
278 2586 310 2640 et
325 2576 388 2660 alii,
412 2577 466 2661 qui
482 2575 523 2639 ab
540 2576 599 2639 illis
614 2576 797 2660 laudantur,
821 2575 897 2639 data
909 2597 1007 2661 opera
1021 2577 1054 2639 in
1074 2598 1144 2639 rem
1159 2576 1262 2660 ipsam

59 2682 107 2744 ita
131 2681 373 2765 inquisiverunt,
397 2690 433 2744 ut
455 2682 488 2744 in
511 2682 558 2764 iis,
582 2702 666 2766 quae
688 2679 912 2766 investigando
934 2690 1156 2764 reppererunt,
1184 2678 1261 2743 nihil

60 2783 157 2866 desit,
188 2783 274 2869 quod
300 2794 388 2848 recte
416 2783 593 2848 desiderari
615 2782 803 2870 videaturl).
834 2782 896 2847 hoc
919 2783 1016 2866 addo,
1039 2805 1090 2847 me
1115 2783 1259 2847 Senecae

169 2976 190 3040 ¹)
209 2976 329 3027 Senecae
351 2977 556 3038 controversias,
581 2981 654 3026 certe
676 2975 797 3026 themata
820 2990 913 3025 earum
937 2976 1106 3040 maximeque
1125 2980 1259 3040 excerpta,

58 3062 155 3113 multis
173 3063 327 3113 hominibus
345 3063 434 3114 medio
452 3063 525 3129 quod
542 3068 655 3114 vocatur
672 3077 740 3112 aevo
759 3063 881 3128 cognitas
900 3067 928 3111 et
939 3063 968 3111 in
987 3061 1091 3111 deliciis
1104 3061 1188 3111 fuisse
1206 3077 1260 3110 uon

57 3149 149 3201 solum
172 3164 205 3199 ex
230 3164 330 3215 magna
352 3149 477 3200 codicum
500 3164 582 3199 manu
605 3149 774 3215 scriptorum,
802 3149 899 3214 quibus
927 3153 1054 3214 excerpta
1077 3149 1258 3209 continentur,

57 3237 141 3301 copia
158 3235 327 3302 intellegitur
344 3235 392 3286 sed
414 3238 496 3286 etiam
519 3236 582 3286 iude
600 3240 720 3302 apparet,
744 3236 817 3301 quod
840 3235 955 3301 vestigia
978 3249 1070 3285 earum
1089 3235 1117 3283 in
1141 3233 1260 3285 historiis

56 3339 94 3374 ac
120 3324 251 3389 poematis
277 3324 458 3375 recentiorum
485 3328 636 3389 temporum
660 3322 906 3389 deprehenduntur.
936 3337 985 3373 nos
1007 3337 1080 3371 nunc
1103 3325 1207 3371 mutata
1231 3326 1259 3371 et

57 3409 197 3461 sentiendi
215 3415 243 3459 et
254 3409 394 3460 iudicandi
411 3411 517 3460 ratione
535 3411 564 3459 in
583 3425 616 3460 ea
633 3411 738 3459 animos
751 3409 925 3472 advertimus,
944 3424 1014 3474 quae
1027 3408 1131 3458 Seneca
1144 3407 1188 3457 vel
1200 3409 1259 3474 ipse

56 3498 129 3548 dixit
147 3496 192 3547 vel
205 3495 273 3547 alios
286 3496 408 3547 dicentes
420 3498 535 3560 induxit,
553 3512 609 3547 non
627 3499 656 3547 in
675 3502 836 3562 argumenta
854 3497 902 3547 illa
920 3511 1007 3562 aeque
1019 3497 1087 3546 mira
1099 3510 1131 3545 ac
1144 3494 1259 3546 ridicula

57 3589 88 3635 et
99 3586 202 3650 inepta.
216 3611 249 3620 -
261 3584 320 3634 Iam
333 3600 404 3647 eum,
418 3585 465 3650 qui
477 3580 570 3634 ‘Gesta
579 3581 711 3634 Romaua'
721 3585 826 3649 scripsit
838 3583 882 3634 vel
892 3584 1050 3649 composuit,
1063 3582 1183 3632 Senecae
1196 3597 1258 3632 con·

56 3672 197 3722 troversiis
214 3686 294 3721 usum
313 3685 372 3722 esse
389 3672 469 3737 primi
480 3671 607 3721 viderunt
618 3672 650 3721 L.
663 3670 840 3721 Friedldnder
852 3669 920 3737 (ind.
933 3669 999 3722 lect.
1009 3669 1124 3735 Regino.
1135 3670 1227 3726 tm,
1236 3666 1276 3713 et.

56 3757 306 3824 Sittengeschichte
323 3758 406 3808 Roma
420 3758 455 3818 3⁵,
470 3757 532 3823 423)
552 3764 579 3809 et
598 3759 633 3810 H.
648 3758 795 3828 Oesterley
815 3759 874 3829 led.
888 3760 1066 3813 SestRom,
1077 3756 1155 3806 tS'l‘a
1171 3747 1301 3816 pum,
