2760 4110
112 116 178 183 572
583 136 844 189 svssoamavu
1208 156 1236 205 p.
1255 140 1289 189 u
1306 138 1335 189 n

111 294 282 357 noxiorum
297 292 466 356 multitudo
486 295 645 377 provenit,
666 317 745 378 quos
762 295 929 358 obstrictos
949 296 1138 379 patrocinio
1157 294 1334 359 incolumes

111 396 283 483 plerosque
306 394 464 479 habebat3
487 398 552 460 iam
575 396 759 461 felicissima
783 398 966 463 consulatus
990 400 1020 462 ei
1043 421 1117 463 sors
1144 399 1287 484 petendi
1308 410 1335 464 et

112 500 249 586 gerendi
264 523 392 585 magno,
408 524 542 564 munero
556 501 662 584 deum,
681 503 810 566 consilio
826 502 1058 588 industriaque.
1076 506 1215 568 utinam
1230 504 1335 569 mode-

111 607 212 669 ratius
235 604 396 669 secundas
419 628 471 668 ros
495 615 527 668 et
548 604 660 670 fortius
684 606 839 671 adversas
866 608 951 671 forre
979 609 1159 692 potuisset!
1194 631 1335 694 namque

112 718 269 794 utraeque
293 732 367 773 eum
391 720 564 773 evenerant
587 712 631 793 oi,
655 713 773 775 mutari
796 734 851 775 eas
873 733 938 774 nou
960 733 1055 796 posse
1078 712 1235 777 rebatur.
1262 713 1333 777 inde
1359 735 1369 783 s

113 823 187 878 sunt
202 813 342 878 invidiae
362 823 569 898 tempestates
587 824 714 878 coortae
737 837 855 899 graves
870 817 904 879 in
925 838 1000 879 eum
1024 818 1218 901 certiorque
1234 819 1334 882 inimi-

44 958 47 963 ·
114 920 160 982 cis
180 917 394 1002 adgrediendi
415 917 549 999 fiducia3
573 920 693 981 maiore
715 920 801 982 enim
820 919 996 1007 simultates
1018 918 1204 1003 adpetebat
1226 923 1334 985 animo

114 1043 213 1107 quam
234 1021 378 1105 gerebat.
411 1021 470 1085 sed
493 1021 623 1105 quando
647 1023 829 1087 mortalium
851 1023 930 1087 nulli
951 1025 1055 1086 virtus
1079 1024 1239 1108 perfecta
1265 1048 1334 1089 con-

113 1127 198 1211 tigit,
223 1149 287 1210 qua
308 1128 411 1189 maior
437 1149 512 1211 pars
536 1129 621 1191 vitae
648 1138 746 1211 atquo
774 1130 894 1212 ingenii
921 1129 1021 1211 stetit,
1050 1151 1090 1191 ea
1112 1129 1335 1194 iudicandum

115 1230 156 1294 de
179 1229 308 1293 homine
326 1240 382 1294 est.
407 1241 504 1315 atque
521 1254 581 1316 ego
603 1255 645 1295 ne
661 1232 836 1295 miserandi
860 1232 991 1317 quidem
1007 1234 1113 1296 exitus
1138 1256 1219 1297 eum
1235 1234 1335 1299 fuisse
1350 1254 1370 1301 u

49 1334 92 1399 25
115 1334 307 1418 iudicarem,
336 1337 395 1398 nisi
424 1338 491 1420 ipse
519 1346 584 1400 tam
611 1338 763 1400 miseram
790 1348 927 1400 mortem
953 1340 1117 1420 putasset'.
1153 1338 1336 1403 adfirmare

113 1438 207 1503 vobis
230 1461 360 1523 possum
383 1440 461 1504 nihil
485 1463 555 1504 csse
578 1442 611 1503 in
638 1440 776 1504 historiis
804 1442 871 1504 eins
900 1440 971 1523 hoc,
995 1462 1092 1524 quem
1114 1441 1244 1526 rettuli,
1268 1442 1338 1506 loeo

117 1542 280 1625 disertius,
308 1552 343 1606 ut
365 1543 444 1607 mihi
470 1554 547 1608 tuno
571 1567 635 1608 non
661 1544 811 1608 laudasse
836 1544 1039 1626 Ciceronem,
1063 1542 1072 1629 l}
1096 1544 1159 1608 scd
1191 1556 1339 1611 certasse

117 1670 191 1711 cum
215 1646 371 1711 Cicerone
388 1648 547 1712 videatur.
572 1672 633 1712 neo
649 1649 710 1712 hoc
735 1648 920 1713 deterrendi
945 1670 1043 1711 eausa
1067 1647 1153 1732 dico,
1180 1673 1225 1713 ne
1243 1650 1341 1716 histo-

117 1753 181 1815 rias
205 1754 272 1815 eius
300 1753 409 1838 legere
438 1755 688 1838 concupiscatis3
720 1755 938 1837 concupiscite
967 1762 998 1816 et
1025 1774 1150 1837 poenas
1183 1754 1340 1821 Ciceroni
1357 1778 1376 1825 15

118 1854 244 1919 dabitis.
277 1879 371 1920 ncmo
401 1866 507 1920 tamen
533 1880 575 1920 ex
603 1866 648 1920 tot
676 1856 892 1921 disertissimis
915 1859 992 1919 viris
1020 1856 1136 1919 melius
1164 1857 1342 1924 Ciceronis

118 1969 254 2023 mortem
279 1960 459 2045 deploravit
482 1984 579 2046 quam
603 1960 744 2024 Severus
768 1960 945 2025 Cornelius.

572 2135 716 2198 (ienuam
740 2135 868 2199 Snvmu.

275 2275 406 2360 Oraque
430 2277 672 2359 magnanimmn
695 2278 848 2359 spirantia
871 2298 974 2359 paene
999 2277 1143 2338 virorum

275 2382 308 2443 in
323 2382 433 2443 rostris
456 2382 585 2443 iacuere
609 2382 688 2460 suis3
713 2380 772 2442 sod
796 2382 880 2442 onim
904 2378 1035 2443 abstulit
1051 2380 1164 2461 omnis,

275 2494 441 2569 tamquam
464 2483 531 2548 sola
554 2484 647 2567 foret,
671 2485 755 2568 rapti
779 2483 943 2547 Ciceronis
967 2485 1081 2563 imago.

275 2598 352 2652 tune
373 2589 511 2652 redeunt
533 2590 647 2652 animis
671 2589 813 2671 ingentia
838 2587 976 2650 consulis
997 2596 1070 2649 aeta

241 2696 464 2777 eiurataeque
488 2715 602 2756 manus
626 2691 851 2776 deprensaque
874 2691 1007 2754 foedera
1030 2712 1136 2754 noxae

119 2886 154 2935 ad
180 2888 293 2949 priscam
328 2886 499 2934 severitatem
527 2885 634 2934 indiciis
662 2880 776 2949 exactis]
807 2883 860 2944 Gr,·
887 2898 903 2932 a
930 2884 1017 2947 prisea
1050 2882 1198 2931 seueritate
1234 2885 1340 2933 iudicis

120 2976 207 3023 exacti
227 2978 260 3033 Ο,
276 2973 343 3036 fort.
363 2972 451 3035 prisea
469 2973 615 3020 severitate
640 2986 654 3019 e
677 2970 785 3018 iudiciis
805 2976 900 3019 exacta
918 2966 1143 3035 Ku{·111axima]
1167 2967 1223 3031 Gru
1249 2973 1338 3020 maxi·

120 3076 223 3110 morum
244 3065 267 3109 Ο

207 3152 253 3196 OD
279 3150 294 3195 3
312 3144 441 3211 *magna
455 3144 575 3211 munere]
595 3159 693 3207 magna
706 3159 817 3193 munera
830 3148 853 3192 Ο
873 3202 875 3208 ,
902 3146 975 3193 eei-lm
996 3158 1092 3206 magno
1112 3157 1228 3191 munero
1249 3144 1337 3194 eleum

120 3240 179 3284 ante
202 3234 358 3283 consulatus
382 3235 416 3294 (u.
435 3234 464 3293 2)
488 3238 588 3296 lrwup.
615 3230 644 3280 0.
666 3231 784 3291 llihbecls,
807 3233 886 3280 certa
909 3245 1007 3293 magna
1030 3243 1143 3277 munera
1166 3228 1250 3278 deum
1271 3238 1337 3295 post

118 3322 305 3385 industriaque
325 3324 359 3380 (u.
378 3321 407 3380 3)
427 3326 528 3383 trarup.
548 3319 662 3367 Eussner
685 3315 693 3384 ξ
715 3322 731 3366 4
754 3317 875 3366 sitnndas
893 3317 928 3365 Β1
951 3316 959 3353 :¹
983 3318 998 3364 5
1023 3322 1136 3378 utraque
1155 3321 1182 3363 A
1230 3332 1335 3369 everre-

119 3406 189 3473 rant]
210 3409 261 3469 Ml,-
280 3412 411 3455 uensrant
424 3411 448 3455 0
472 3410 475 3447 ἱ
494 3407 509 3453 6
529 3412 592 3454 sunt
611 3402 738 3470 invidiae]
759 3410 868 3453 secutas
888 3403 1006 3452 invidiae
1023 3403 1081 3465 (et)
1098 3402 1145 3451 sl’lr.
1159 3402 1306 3453 illonmmen
1327 3436 1336 3470 1:

120 3496 247 3545 eoliortae
260 3493 349 3543 ΑΒΝ
382 3508 478 3555 graues
491 3495 520 3540 iu
534 3507 565 3541 oo
579 3496 611 3545 Ο.
625 3493 800 3556 gravissimae
813 3506 845 3540 eo
858 3491 913 3539 Ksa
947 3493 960 3538 7
975 3490 1069 3539 fidutia
1082 3494 1133 3537 AB
1146 3486 1148 3491 ’
1167 3489 1283 3556 maiore]
1301 3506 1336 3553 τ;

120 3584 234 3631 maiores
254 3585 277 3629 0
322 3580 461 3645 atpatebat
480 3585 503 3628 B
522 3579 667 3644 appetebat
686 3583 738 3626 VD
761 3612 768 3643 3
793 3577 904 3626 8nnlla
922 3578 957 3626 D¹
987 3579 990 3641 ξ
1016 3580 1045 3625 12
1066 3575 1142 3641 nihil]
1164 3577 1215 3625 nisi
1237 3580 1305 3627 A131
1332 3581 1335 3596 '

120 3668 201 3717 retuli
220 3672 244 3716 0
274 3711 276 3718 ,
302 3670 451 3731 lapsanas
473 3673 499 3714 A
525 3675 532 3706 21
559 3668 588 3714 17
613 3664 717 3728 depluit
738 3670 797 3724 AB,
823 3665 931 3713 deflevit
954 3664 992 3712 Ila
1016 3707 1019 3716 ,
1043 3666 1076 3712 ’30
1098 3664 1220 3712 iacuercs
1243 3670 1297 3713 AB
1332 3668 1335 3676 '

64 3806 68 3811 ,
121 3756 188 3803 omis
207 3760 233 3803 A
251 3752 259 3800 l
278 3756 310 3802 21
330 3752 409 3821 rapti]
431 3755 516 3819 carpti
538 3754 578 3805 Gr
595 3752 604 3819 l
622 3755 655 3801 22
675 3753 787 3817 ingenia
805 3757 855 3800 AB
875 3749 887 3817 l
902 3753 934 3799 23
954 3752 1045 3800 ludera
1064 3756 1114 3799 AB
