2760 4110
89 163 154 218 ΧΗ
581 170 794 241 1111111110.

191 344 315 431 ABV¹)
351 367 394 407 ex
429 343 543 406 eodem
572 343 748 430 archetypo
784 343 849 430 (0),
881 346 935 428 qui
962 342 1056 407 hodie
1084 367 1149 408 non
1187 356 1287 430 extat,

90 448 241 533 descripti
265 458 351 530 sunt3
374 456 481 510 tantus
505 449 589 510 enim
606 469 715 511 eorum
738 450 771 511 in
785 447 945 532 plerisque
969 447 1094 511 mendis
1111 470 1287 514 consensus

90 564 146 637 est,
170 564 260 617 tanta
283 575 357 616 cum
379 555 412 615 in
427 551 593 615 vocabulis
617 550 798 616 omittendis
813 562 881 616 tum
904 555 1077 637 praecipue
1100 555 1133 616 in
1151 554 1288 619 Graecis

89 658 198 722 verbis
233 655 404 742 pingendis
436 658 654 740 congruentia,
690 666 725 719 ut
757 656 798 719 de
828 658 989 720 communi
1020 657 1117 739 fonte,
1150 681 1193 721 ex
1226 681 1287 744 quo

89 764 302 844 manaverint,
327 760 466 824 dubitari
489 783 553 823 non
575 762 682 845 possit.
699 770 734 824 ut
757 770 865 824 autem
888 782 1007 844 magna
1022 763 1106 824 inter
1122 783 1176 825 eos
1192 764 1286 826 inter-

90 865 176 929 cedit
199 864 378 946 similitudo,
402 866 446 927 ita
469 886 527 927 sua
551 867 666 949 cuique
689 863 811 927 indoles
835 873 896 928 est:
920 867 1064 949 proprias
1087 865 1212 930 habent
1226 869 1285 930 vir-

89 979 182 1052 tutae,
206 972 334 1054 propria
349 970 436 1051 vitia,
459 968 601 1053 locisque
617 968 903 1032 innumerabilibus
926 991 1009 1032 unus
1032 968 1155 1032 alterve
1178 993 1223 1034 ex
1238 971 1285 1034 his

89 1074 190 1137 tribus
202 1072 370 1159 archetypi
382 1073 550 1136 lectionem
562 1072 691 1157 reliquis
705 1072 830 1136 duobus
843 1082 898 1136 aut
906 1073 1083 1156 religiosius
1096 1097 1285 1158 expressam

90 1179 232 1240 servavit
247 1187 303 1240 aut
317 1177 540 1260 neglegentius
553 1176 749 1260 descriptam
762 1177 902 1241 exhibet.
921 1200 1020 1262 quare
1032 1177 1150 1242 nullius
1166 1180 1285 1242 auxilio

91 1304 201 1345 carere
224 1303 406 1366 possumus3
430 1283 526 1343 immo
543 1283 683 1344 omnium
706 1281 857 1344 lectiones
880 1291 1031 1345 accurate
1048 1283 1284 1346 examinandae

90 1394 121 1448 et
143 1388 226 1448 iuter
248 1408 281 1448 se
306 1384 541 1469 comparandae
565 1394 647 1468 sunt,
671 1395 706 1448 ut
729 1387 840 1468 exiis,
872 1387 898 1449 si
920 1386 989 1448 fieri
1012 1388 1119 1471 possit,
1152 1387 1231 1471 quid
1255 1391 1286 1451 in

89 1489 267 1575 archetypo
297 1490 400 1572 fuerit,
434 1511 531 1574 quam
562 1491 735 1553 certissime
765 1492 984 1575 perspiciatur.
1009 1491 1127 1574 quain
1149 1513 1185 1553 re
1217 1514 1286 1576 per-

88 1593 281 1676 vestiganda
297 1592 424 1656 codices
441 1600 533 1662 ABV
547 1615 611 1657 non
627 1616 670 1656 ex
686 1593 799 1657 eodem
816 1594 993 1679 exemplari
1015 1593 1191 1678 descriptos
1215 1618 1285 1658 esse

87 1696 262 1760 tenendum
286 1695 378 1782 est²)3
407 1705 464 1758 AB
481 1699 565 1760 enim
588 1696 686 1760 multo
709 1699 824 1760 artiore
841 1700 1036 1782 cognationis
1051 1697 1180 1761 vinculo
1203 1701 1287 1763 inter

88 1823 121 1863 sc
139 1823 235 1885 quam
252 1823 325 1864 cum
340 1807 371 1860 V
388 1802 547 1864 coniuncti
563 1810 644 1864 sunt.
670 1811 702 1864 et
724 1800 848 1865 illorum
864 1801 994 1886 quidem
1016 1802 1069 1865 vel
1091 1804 1125 1865 in
1146 1805 1285 1867 minimis

87 1903 185 1967 rebus
201 1914 289 1968 tanta
302 1915 350 1968 est
362 1906 594 1987 convenientia,
611 1914 646 1968 ut
662 1904 800 1968 dubitari
816 1929 879 1969 non
894 1908 1001 1991 possit,
1019 1907 1095 1991 quin
1111 1929 1154 1969 ex
1170 1906 1285 1970 eodem

89 2008 264 2092 exemplari
279 2007 332 2095 (x)
350 2010 504 2092 originem
527 2007 692 2092 duxerint,
710 2018 741 2071 V
758 2032 799 2072 ex
816 2008 876 2074 alio
893 2009 1003 2073 codice
1020 2009 1089 2096 (1¹)
1103 2009 1286 2096 descriptus

87 2287 174 2335 factus
193 2288 314 2336 novitate
333 2289 538 2356 scripturae,yut
557 2304 661 2337 onmem
683 2289 877 2338 dubitationem
902 2290 1008 2339 abicere
1027 2304 1141 2355 possem,
1165 2290 1285 2340 codicem

88 2389 134 2438 per
153 2374 260 2434 amicos,
285 2375 331 2438 qui
354 2373 456 2422 Romae
475 2375 656 2437 morabantur,
679 2375 766 2425 denuo
789 2376 984 2439 inspiciendum
1009 2377 1113 2425 curavi:
1138 2378 1285 2426 certissime

88 2475 128 2521 ea,
147 2475 216 2525 quae
240 2459 287 2509 ille
311 2466 477 2523 metaverat,
499 2467 573 2511 recte
596 2477 654 2512 sese
679 2463 778 2512 habere
796 2465 928 2527 apparuit.
953 2468 980 2512 et
1005 2465 1090 2527 magis
1114 2466 1194 2512 etiam
1218 2465 1285 2513 mihi

87 2547 287 2612 comprobatum
302 2554 342 2596 est
354 2547 418 2596 huic
432 2547 572 2598 collationi
583 2548 662 2598 fidem
678 2549 770 2600 haberi
784 2564 869 2614 posse,
884 2565 944 2599 cum
958 2549 1147 2600 Guilelmus
1164 2551 1285 2601 Mewes

87 2640 114 2681 01
133 2632 275 2683 Carolus
298 2634 468 2683 Lehmann
491 2635 688 2697 Berolinenses,
711 2637 877 2701 Georgius
899 2636 1058 2685 Wissowa
1075 2636 1284 2701 Marburgensis,

87 2720 254 2769 Hauricus
277 2719 423 2769 Schenkl
441 2720 657 2772 vindobonensis
677 2737 717 2784 ea,
737 2737 807 2787 quae
825 2724 875 2787 ipsi
895 2738 928 2772 ex
940 2727 967 2771 V
979 2725 1169 2787 ascripserant,
1188 2724 1222 2773 ad
1242 2740 1284 2774 me

88 2808 229 2870 misissent,
254 2823 367 2871 quorum
387 2822 419 2856 ex
439 2810 647 2873 comparatione,
670 2810 697 2859 id
717 2810 788 2875 quod
807 2826 861 2859 non
880 2810 1045 2872 dubitabam,
1063 2809 1283 2876 Petschenigium

88 2893 154 2942 nihil
175 2893 242 2943 falso
265 2893 371 2958 legisse,
398 2893 465 2943 nihil
490 2895 546 2944 fere
568 2898 789 2960 praetermisisse,
814 2902 909 2946 eontra
931 2895 1025 2958 multa,
1050 2911 1120 2961 quae
1144 2913 1215 2945 unus
1238 2898 1283 2947 vel

88 2979 157 3029 alter
177 2996 277 3041 eorum,
302 2995 368 3045 quos
391 2982 537 3044 nominavi,
560 2983 777 3048 interrogationis
801 2985 877 3048 signo
896 2983 1019 3048 apposito
1039 2999 1091 3032 non
1111 2999 1219 3046 prorsus
1238 3000 1284 3049 pro

88 3068 168 3116 certis
188 3072 214 3114 01
238 3066 383 3131 exploratis
408 3069 491 3116 statui
515 3083 593 3133 posse
616 3068 834 3134 significaverant
858 3069 944 3131 (velut
970 3068 1171 3118 distinctionem
1190 3072 1286 3134 prioris

88 3168 183 3202 uranus
203 3158 230 3202 01
248 3153 423 3217 posterioris),
442 3154 535 3203 subtili
553 3154 652 3205 iudicio
672 3155 829 3205 enucleasse
848 3154 980 3206 intellexi.

193 3257 213 3320 ¹)
233 3257 420 3321 Reppererunt
438 3272 470 3306 ac
482 3259 561 3322 primi
579 3260 755 3323 inspexerunt
766 3259 810 3309 vel
824 3261 921 3325 partim
935 3258 1108 3309 contulerunt
1125 3259 1243 3308 codicem
1258 3267 1285 3310 A

87 3345 250 3392 Martinus
268 3343 370 3392 Hertz
392 3359 462 3393 anno
482 3345 557 3410 1846,
575 3345 693 3396 codicem
711 3352 734 3397 B
753 3347 954 3400 Franciscus
976 3346 1096 3396 0011101
1117 3361 1188 3396 anno
1208 3348 1286 3410 1842,

88 3430 207 3479 codicem
221 3435 247 3478 V
267 3429 455 3480 Guilelmus
479 3433 681 3483 Studemund
700 3449 771 3483 anno
794 3435 868 3483 1866.

192 3532 213 3596 ²)
233 3532 275 3580 De
301 3533 383 3595 stirpe
406 3533 528 3583 codicum
551 3541 602 3586 AB
626 3542 699 3586 10010
722 3537 852 3586 iudicavit
876 3538 1031 3599 Bursianus,
1060 3537 1094 3587 de
1122 3540 1285 3588 auctoritate

88 3635 178 3669 eorum
195 3634 248 3667 non
262 3620 340 3679 item3
359 3617 439 3682 paulo
459 3623 530 3670 enim
544 3624 632 3671 minus
651 3623 746 3672 tribuit
758 3624 947 3688 Antverpiensi
966 3624 1139 3688 (quamquam
1154 3622 1286 3673 lectiones

89 3709 146 3755 eius
160 3721 175 3754 a
191 3704 324 3753 Friderico
339 3704 430 3754 Haase
442 3710 642 3758 accuratissime
661 3716 784 3760 enotatas
802 3716 914 3761 noverat
933 3711 1093 3775 universas),
1113 3710 1285 3760 Bruxellensi

86 3791 169 3857 paulo
188 3791 255 3856 plus.
275 3790 455 3856 Kiesslingius
473 3808 527 3843 rem
548 3802 627 3845 acute
645 3797 789 3862 perspexit.
809 3802 835 3845 V
853 3798 985 3846 Bursiauo
1004 3799 1112 3861 ignotus
1131 3804 1195 3845 erat.
