2760 4110
124 190 190 255 434
628 204 822 255 axonnrrn
1182 222 1211 271 p.
1231 208 1285 255 aas
1302 206 1335 255 r.

126 370 287 447 spectator
310 382 387 424 suae
412 360 610 424 calamitatis,
639 382 699 444 ego
722 382 787 424 non
803 368 1065 445 expectaueram,
1090 358 1170 423 dum
1187 382 1335 445 rogarer.

125 465 258 531 moleste
279 464 410 528 ferebas
433 486 583 527 socerum
605 472 696 527 tuum
720 463 785 527 dici
807 463 953 528 Calliam.
984 485 1090 527 mores
1113 464 1250 549 puellae
1273 487 1339 529 non

124 578 250 634 tantum
271 590 386 653 passus
411 590 445 632 cs
471 570 504 632 in
526 570 604 632 vitia
630 567 697 631 labi
729 567 788 632 sed
814 569 884 654 ipse
911 568 1068 654 inpulisti3
1099 578 1222 632 nactus
1248 592 1339 633 occa-

126 676 249 737 sionem
271 695 336 737 non
359 674 500 737 omisisti.
524 671 532 758 Η

212 778 325 841 Extra.
354 775 450 841 Color
473 786 505 840 et
528 776 666 841 Gallioni
690 786 722 840 et
743 777 879 840 Latroni
902 784 934 840 et
956 777 1111 840 Montano
1135 776 1282 863 placuit,
1305 788 1342 843 ut
1373 800 1379 846 ι

126 882 204 947 nihil
226 884 260 946 in
274 880 411 946 Calliam
431 881 594 944 diceretur
609 881 850 964 contumeliose,
873 883 906 945 in
921 880 1171 966 redemptorem,
1199 884 1237 946 in
1253 905 1343 947 soce-

125 1009 213 1070 rum,
235 986 273 1048 ιἰι
299 985 469 1048 infelicem.
505 986 605 1049 multa
633 994 790 1068 maiorer,
821 985 978 1067 historici,
1005 994 1121 1070 poetae
1149 986 1301 1051 Romani
1324 1011 1344 1051 a

127 1090 263 1156 Graecis
286 1089 373 1153 dicta
395 1111 460 1153 non
483 1089 723 1175 subripuerunt,
747 1088 804 1153 sed
827 1097 1095 1174 provocaverunt.
1125 1089 1344 1177 Thucydidis

127 1195 285 1258 sententia
307 1203 370 1257 est:
395 1194 481 1254 δειναὶ
504 1195 558 1275 γὰρ
583 1195 611 1254 αἱ
634 1193 775 1273 εὐπραξίαι
798 1198 949 1276 συγκρύψαι
970 1189 1018 1254 καὶ
1041 1199 1185 1255 eumitren
1208 1199 1245 1257 τὰ
1272 1200 1342 1258 ἑκά-

126 1321 195 1359 στων
219 1300 412 1377 ἁμαρτήματα.
445 1296 591 1361 Sallusti:
614 1320 667 1361 res
691 1297 854 1361 secundae
877 1300 958 1361 mire
982 1308 1056 1361 sunt
1070 1300 1156 1362 vitiis
1175 1299 1341 1365 obtentui.
1360 1318 1379 1367 s

127 1425 201 1466 cum
223 1403 264 1465 sit
285 1402 462 1487 praecipua
483 1403 518 1464 in
534 1400 729 1486 Thucydide
751 1403 855 1465 virtus
877 1401 1032 1485 brevitas,
1055 1401 1117 1465 hae
1139 1424 1221 1467 eum
1238 1404 1343 1469 Sallu-

126 1509 203 1571 stius
232 1508 311 1569 vicit
341 1514 373 1568 et
402 1504 439 1567 in
470 1506 535 1568 suis
568 1504 658 1568 illurn
689 1507 803 1569 castris
835 1506 966 1589 cecidit,
997 1529 1073 1569 nam
1104 1508 1138 1569 in
1171 1512 1344 1574 sententia

127 1610 256 1675 Graeca
277 1619 344 1673 tam
366 1608 460 1672 brevi
483 1608 594 1685 habes,
618 1631 702 1693 quae
726 1610 815 1674 salvo
839 1632 936 1674 sensu
960 1609 1130 1674 detrahas:
1160 1610 1265 1678 deme
1291 1614 1344 1679 vel

127 1717 274 1794 συγκρύψαι
297 1713 349 1777 vel
373 1713 513 1774 resarciret
535 1713 588 1777 vel
612 1716 749 1797 ἑκάστων,
778 1713 939 1778 constabit
961 1736 1088 1797 sensus,
1117 1716 1251 1780 etiamsi
1278 1741 1343 1782 non

126 1840 230 1902 acilue
258 1828 415 1903 comptus,
446 1840 549 1903 aeque
576 1826 685 1881 tamen
712 1819 847 1903 integer.
879 1827 913 1882 at
935 1841 978 1882 ex
1001 1817 1143 1882 Sallustii
1172 1825 1342 1887 sententia
1358 1836 1378 1885 15

126 1922 204 1985 nihil
227 1922 313 1985 demi
337 1924 405 1986 sino
429 1922 620 1986 detrimento
645 1944 757 1986 sensus
784 1932 897 2008 potest.
931 1923 968 1986 T.
994 1932 1102 1986 autem
1123 1923 1248 1989 Livius
1274 1936 1341 1992 tam

125 2027 254 2110 iniquus
285 2025 434 2090 Sallustio
464 2026 533 2109 fuit,
564 2036 600 2090 ut
629 2026 714 2089 hane
744 2028 848 2112 ipsam
879 2029 1071 2091 sententiam
1102 2036 1134 2090 et
1163 2037 1341 2116 tamquam

126 2130 313 2193 translatam
337 2140 368 2193 et
390 2140 555 2214 tamquam
579 2139 763 2215 corruptam
788 2129 865 2193 dum
887 2130 1080 2194 transfertur
1103 2131 1257 2197 obiceret
1274 2134 1339 2199 Sal-

213 2346 285 2389 MPe
312 2343 324 2388 1
349 2340 511 2391 calamitatis
533 2343 610 2405 <pars
633 2341 735 2403 altera>
758 2347 789 2389 Μ
816 2339 824 2408 Η
854 2340 1068 2406 expectaueram]
1093 2355 1161 2403 αενς
1193 2352 1339 2408 spectaue-

128 2443 182 2475 ram
201 2428 242 2475 M¹
260 2445 326 2475 corr.
344 2428 388 2476 M²
407 2428 580 2492 expectabam
599 2425 646 2494 Ρβ
664 2425 672 2494 Η
689 2426 806 2493 rogarer]
827 2427 940 2495 Mlp’sm
958 2436 1065 2493 rogaret
1083 2429 1150 2476 M¹P
1170 2445 1289 2495 rogares
1301 2447 1321 2481 a
1332 2429 1340 2498 Η

128 2516 143 2562 2
157 2513 256 2578 galliae
269 2515 318 2579 (-io
328 2516 362 2579 P)
375 2520 429 2562 MP
442 2514 553 2579 galliam
566 2528 582 2563 ε
594 2512 603 2581 Η
615 2517 631 2562 3
645 2512 682 2580 es]
696 2512 787 2581 aster,
800 2531 847 2564 om.
857 2520 912 2563 MP
925 2511 933 2581 Η
946 2521 1060 2563 nanctus
1073 2528 1103 2576 e,-
1115 2516 1149 2578 cf.
1158 2533 1191 2579 p.
1203 2519 1272 2580 381,
1287 2522 1322 2567 13
1332 2516 1340 2585 ΙΗ

128 2604 144 2649 5
163 2600 238 2649 dolor
256 2606 279 2648 P
297 2598 305 2666 l
324 2604 339 2648 6
359 2602 469 2666 galliam
488 2607 543 2650 MP
561 2598 569 2617 '¹
589 2604 603 2649 7
623 2603 651 2649 in
670 2601 732 2650 add.
751 2602 803 2662 Ba·
820 2603 854 2665 cf.
869 2620 899 2665 p.
918 2604 978 2663 379,
997 2604 1032 2650 13
1050 2626 1058 2668 Η.
1078 2611 1198 2651 oratores
1217 2622 1291 2655 corr.
1311 2623 1340 2655 ea

129 2688 257 2736 oratiores
275 2693 306 2735 M
329 2690 443 2738 oratiore
462 2703 477 2738 ε
500 2685 508 2756 Η
531 2690 632 2737 istorici
655 2691 731 2750 (corr.
750 2704 782 2737 ca
805 2689 896 2737 storici
915 2689 956 2736 Μ1
975 2690 1013 2738 ecl
1032 2687 1085 2751 M2)
1105 2694 1160 2737 MP
1180 2693 1281 2741 storioi
1299 2706 1316 2742 e

129 2775 340 2838 ssubripiorunt
358 2775 402 2823 M²
419 2772 427 2843 Η
446 2776 600 2824 thucididus
619 2777 661 2823 Ml
680 2775 825 2824 thucididis
844 2775 887 2823 Μ3
906 2775 1049 2825 tuboididis
1068 2780 1091 2822 P
1114 2772 1122 2841 Η
1146 2777 1160 2823 9
1181 2791 1274 2827 aeuaz
1293 2794 1341 2829 rar

129 2876 155 2910 ar
179 2857 321 2917 orrirairar
344 2878 485 2912 cirnrrrar
507 2878 552 2911 nar
574 2878 740 2912 orucn.1c.a1
763 2878 778 2910 r
801 2877 903 2911 enarer
931 2876 1111 2911 aaarrnoara
1135 2867 1166 2908 M
1195 2877 1269 2913 asur
1299 2882 1341 2916 rar

130 2949 290 3012 eytipatrai
308 2964 468 2997 emiorum
486 2964 617 2998 crucinam
635 2965 651 2997 r
669 2964 771 2998 enarer
790 2955 959 2998 auartunara
976 2955 999 2997 P
1018 2964 1096 2998 acuar
1114 2963 1162 2997 rar
1182 2964 1209 2998 ar
1231 2965 1341 3003 erma·

130 3032 179 3092 §rar
197 3050 337 3084 crnnrrxar
355 3050 400 3083 nar
419 3051 541 3085 cmoxoar
559 3052 592 3084 ra
611 3051 711 3085 enarer
729 3051 883 3085 acrarruura
900 3049 916 3084 ε
939 3032 948 3102 Η
974 3037 1005 3084 10
1023 3035 1117 3084 salusti
1137 3037 1180 3083 Μι
1204 3054 1279 3089 corr.
1300 3039 1343 3089 M²

130 3121 248 3171 sallustri
267 3122 310 3169 Μ3
328 3121 434 3170 salustii
452 3129 475 3171 P
499 3122 658 3171 sallustiana
676 3136 692 3171 e
710 3120 718 3190 ΗΗ
737 3125 820 3171 mirae
839 3128 870 3170 M
888 3120 896 3189 Η
914 3123 1033 3172 initiise
1056 3120 1064 3189 j
1088 3125 1118 3170 11
1144 3122 1294 3186 thycidido
1312 3132 1343 3175 M

131 3209 239 3258 thucide
257 3214 281 3256 P
299 3206 307 3275 Η
325 3207 385 3274 hac]
405 3208 494 3276 uptam
515 3210 565 3257 hae
578 3215 633 3257 MP
651 3206 659 3275 ΗΗ
678 3225 739 3258 cum
752 3214 823 3258 MPe
841 3206 850 3276 Η
868 3209 987 3258 sallustri
1004 3216 1035 3257 M
1054 3208 1162 3257 salustri
1181 3214 1205 3256 P
1225 3207 1235 3276 ΗΗ
1262 3215 1295 3261 12
1315 3216 1344 3263 in

130 3314 177 3345 om.
191 3300 227 3358 03
246 3297 280 3359 cf.
293 3297 397 3360 peso,
416 3299 447 3345 11
469 3294 476 3362 Η
495 3294 582 3361 illum]
603 3312 663 3344 cum
682 3294 721 3362 βν
739 3292 748 3363 ΗΗ
769 3298 799 3344 13
818 3296 901 3345 habes
919 3314 966 3345 om.
980 3300 1018 3358 03
1037 3298 1070 3359 cf.
1085 3296 1189 3359 asse,
1208 3298 1248 3345 12
1270 3298 1280 3367 Η
1300 3301 1344 3351 de-

131 3383 234 3432 traham
257 3383 300 3430 Μ1
319 3400 384 3432 corr.
403 3384 446 3430 M²
468 3381 476 3449 Η
506 3386 538 3431 14
562 3389 784 3432 orm.u1›r1aeM
806 3384 904 3447 npyiae
923 3389 946 3431 P
969 3395 1134 3432 crnnrrace
1161 3380 1170 3447 Η
1198 3398 1257 3435 uen
1278 3405 1345 3438 cim-

131 3486 218 3520 maoar
236 3485 288 3519 uer
306 3485 429 3519 craesum
441 3476 472 3518 M
484 3470 529 3519 uel
542 3485 685 3519 onumaoar
698 3470 743 3519 uel
755 3486 889 3521 onacroru
902 3477 925 3519 P
938 3470 983 3520 uel
996 3486 1089 3520 oracar
1101 3469 1146 3518 uel
1160 3486 1296 3526 onerentur<
1308 3490 1325 3526 ε
1338 3476 1346 3539 i

134 3561 164 3606 15
179 3561 270 3622 priore
288 3559 338 3606 loco
357 3571 460 3621 aequae
473 3563 504 3605 M
521 3554 530 3623 Η
548 3558 682 3621 integerat
701 3572 734 3606 ox
748 3559 790 3605 M1
806 3560 912 3622 integer
931 3564 988 3606 erat
1006 3573 1040 3607 ex
1052 3557 1118 3604 M³P
1137 3552 1145 3622 Η
1163 3556 1280 3610 salustii
1294 3567 1319 3611 P
1337 3562 1346 3629 Η

134 3647 165 3693 16
179 3645 250 3692 demi
262 3661 327 3693 corr.
340 3660 371 3692 ex
384 3643 461 3693 deme
474 3649 505 3691 M
517 3644 594 3692 deme
607 3649 630 3691 P
648 3640 657 3709 Η
675 3642 847 3710 detrimento]
861 3646 976 3693 termino
989 3650 1012 3692 P
1031 3641 1039 3711 Η
1057 3643 1139 3691 libius
1152 3648 1201 3691 Mo
1220 3642 1230 3711 Η
1257 3649 1291 3696 17
1306 3652 1346 3699 in·

129 3748 200 3795 quus
217 3737 251 3779 M
270 3728 281 3797 Η
304 3730 440 3779 sallustrio
459 3731 502 3778 Μ3
520 3730 631 3779 salustio
650 3734 690 3778 Pe
713 3726 721 3795 Η
746 3732 777 3778 18
797 3730 955 3780 translatum
975 3737 1006 3778 M
1025 3731 1183 3779 translatum
1204 3735 1228 3778 P
1252 3732 1262 3801 Η
1289 3753 1348 3787 001-

112 3817 240 3887 ruptam]
251 3818 346 3890 αβειις
367 3826 526 3891 corruptum
544 3824 600 3871 MP
617 3814 630 3890 Η
645 3817 792 3869 tranlertur
808 3824 845 3866 M
855 3814 874 3883 Η
885 3817 1020 3866 saliustrio
1037 3816 1079 3863 M3
1098 3815 1210 3865 salustio
1233 3824 1261 3868 P
