2760 4110
132 118 197 184 222
454 112 459 119 '
635 111 828 191 excusem
884 210 889 227 Ι
978 168 984 187 ,
1181 160 1205 207 p.
1226 145 1275 192 255
1295 144 1328 194 u.

132 293 268 378 populus
296 303 444 378 spectare
471 294 582 359 maluit
609 318 706 380 quam
733 298 931 381 extinguere.
963 296 1018 360 lex
1045 319 1109 360 non
1133 320 1206 361 eum
1229 301 1331 383 punit,

132 411 264 484 propter
287 421 382 483 quem
406 410 515 463 coetus
537 400 642 463 factus
666 411 723 483 est,
748 401 805 465 sed
829 424 913 486 eum,
936 425 956 464 a
979 424 1042 486 quo
1064 402 1169 465 factus
1186 394 1332 467 estnon

132 503 210 566 mihi
226 504 303 567 tanti
319 504 396 567 ultie
412 504 481 587 fuit,
496 514 532 567 ut
543 506 689 569 amittere
705 506 806 569 filium
816 505 947 589 vellem3
965 518 995 570 et
1010 509 1164 591 temptavi
1179 507 1332 592 populum

132 629 248 692 regare
270 630 331 671 nec
353 610 451 692 potui.

220 713 302 776 Pars
317 713 427 776 altera.
454 711 541 792 Quid
558 724 652 777 coetu
667 736 747 799 epus
764 715 833 779 est?
855 725 928 779 sunt
943 717 1081 800 scriptae
1097 714 1139 778 ad
1154 715 1331 779 vindictam
1374 746 1380 751 ·

133 818 321 880 iniuriarum
341 819 483 895 emnium
502 817 600 901 leges.
622 831 708 882 mota
729 818 828 882 semel
847 819 1015 884 multitude
1036 819 1167 883 medum
1188 842 1251 883 non
1268 842 1331 883 ser·

132 931 195 985 vat.
220 920 336 1003 ardere
359 921 411 985 ille
433 920 583 985 incendic
608 924 720 987 civitas
743 925 853 1008 potuit.

679 1164 787 1229 VIIII.

335 1321 432 1372 ceux
452 1322 556 1373 suevi
577 1322 756 1373 vuuuumr
775 1323 920 1373 Demue
939 1323 1129 1374 sessuris

264 1443 374 1527 Aeger
397 1442 544 1506 deminus
567 1445 646 1527 petit
661 1466 680 1506 a
697 1465 801 1527 serve,
824 1454 859 1508 ut
874 1443 936 1507 sibi
951 1467 1112 1507 venenum
1136 1443 1242 1527 darem
1354 1466 1363 1510 1

221 1570 283 1610 mm
308 1547 404 1610 dedit.
431 1548 517 1610 cavit
538 1556 739 1631 testamente‚
762 1558 798 1612 ut
820 1547 861 1612 ab
885 1547 1060 1612 heredibus
1078 1549 1244 1633 crucifige-

222 1666 318 1715 retur.
351 1651 492 1736 appellat
514 1673 627 1714 servus
650 1650 804 1715 tribunes

221 1757 295 1820 Lex
322 1756 485 1839 Cornelia,
512 1766 543 1820 te
570 1755 712 1840 appello3
741 1779 818 1820 ecce
846 1778 919 1820 erus
943 1755 1032 1820 iubet
1059 1756 1145 1842 qued
1168 1767 1203 1820 tu
1228 1768 1329 1822 vetes.

135 1884 175 1924 ne
199 1863 269 1945 quis
295 1860 384 1924 illum
407 1859 607 1945 displicuisse
631 1860 758 1923 demine
781 1870 886 1945 putet,
914 1870 991 1924 tuuc
1014 1860 1088 1923 huic
1111 1864 1218 1946 parari
1242 1864 1333 1927 iussit

136 1988 276 2048 crucem,
301 1988 375 2028 cum
398 1964 458 2027 sibi
481 1987 651 2027 venenum.
676 1964 769 2048 plura
793 1966 877 2028 servi
901 1966 1034 2028 crimine
1059 1966 1263 2029 confitemur:
1287 1969 1331 2029 iu·
1352 1984 1379 2032 1·

135 2071 341 2154 tempestivas
356 2071 511 2154 potiones
531 2069 657 2132 inutiles
674 2067 763 2131 cibes
779 2067 974 2132 desideranti
990 2070 1129 2152 negavit.
1155 2069 1231 2154 quid
1248 2072 1332 2134 euim

135 2175 187 2238 ille
210 2197 274 2237 nen
296 2173 405 2257 veluit,
429 2175 483 2257 qui
505 2195 667 2236 venenum
689 2173 825 2257 petivit?
855 2171 967 2236 maluit
990 2195 1120 2236 crucem
1147 2175 1212 2257 pati
1236 2197 1332 2258 quam

135 2282 260 2344 mereri.
293 2280 319 2342 si
342 2280 494 2362 vincitur,
517 2279 678 2363 periturus
702 2288 760 2361 est,
784 2279 809 2340 si
832 2300 896 2340 neu
918 2279 1068 2361 vincitur,
1093 2281 1268 2341 serviturus
1292 2281 1332 2362 ei,

135 2408 155 2448 a
178 2406 240 2470 que
263 2385 295 2446 in
321 2405 450 2446 crucem
469 2384 596 2468 petitur.
622 2405 664 2445 ex
678 2382 779 2446 altera
798 2392 889 2467 purte
905 2382 960 2445 lex
977 2392 1035 2465 est,
1060 2405 1101 2445 ex
1122 2382 1223 2445 altera
1239 2392 1332 2446 testa·

135 2504 293 2572 mentum,
322 2511 404 2551 crux
430 2489 599 2573 utrimque.
629 2487 767 2549 furiosus
796 2508 925 2549 servum
949 2488 1016 2549 sine
1040 2508 1138 2550 causa
1160 2485 1260 2549 veluit
1283 2508 1333 2549 ec·
1352 2507 1380 2545 ι

137 2594 254 2658 cidere.
284 2594 436 2679 quaeritis
465 2594 609 2656 insaniae
640 2591 889 2675 argumentum?
920 2601 951 2655 et
982 2614 1016 2654 se
1043 2591 1143 2654 veluit
1174 2590 1331 2655 occidere.

137 2721 241 2781 serre,
264 2700 375 2783 iuquit,
399 2697 518 2761 tribuni
533 2719 597 2760 non
612 2706 746 2781 pessunt
761 2717 959 2759 succurrere.
986 2717 1080 2759 serve
1095 2706 1206 2759 netum
1221 2717 1333 2779 regem

224 2974 383 3044 ΜΡΒαβμν
406 2979 421 3025 2
445 2983 521 3026 cetus
545 2977 571 3040 (e
590 2993 645 3041 usp.
665 2990 697 3024 ce
715 2992 780 3024 eros.
801 2978 828 3023 ἰη
847 2974 887 3037 Μ)
907 2979 959 3023 Μα
981 2988 1060 3023 cecus
1078 2980 1101 3022 P
1120 2972 1128 3040 Η
1148 2981 1214 3039 pout.
1235 2974 1332 3041 factus]

137 3064 247 3126 (cecus)
269 3063 356 3112 faetus
379 3068 401 3111 P
425 3060 433 3128 ΗΗ
461 3067 477 3112 4
500 3077 551 3112 nee
574 3064 615 3111 M¹
635 3080 699 3111 corr.
719 3062 762 3110 M3
783 3059 792 3130 ΗΗ
815 3064 830 3108 5
857 3067 918 3110 cetu
942 3066 986 3110 Pa
1008 3058 1016 3128 Η
1041 3063 1056 3109 6
1076 3062 1194 3110 omnium
1218 3079 1264 3110 om.
1284 3066 1306 3109 P
1326 3059 1334 3113 Η

137 3151 224 3201 muita
242 3149 321 3199 simul
344 3164 365 3199 α
393 3210 395 3214 Ι
419 3151 434 3197 9
458 3149 558 3198 domini
582 3154 612 3197 M
635 3148 643 3216 ΗΗ
671 3151 699 3197 10
722 3163 786 3213 ager
808 3148 849 3196 M¹
869 3165 934 3197 corr.
954 3148 996 3196 M³
1050 3149 1127 3212 petiit
1150 3162 1171 3197 α
1199 3164 1200 3181 ³
1227 3149 1256 3194 12
1281 3162 1334 3196 ser·

137 3255 187 3289 uus
205 3256 270 3288 corr.
283 3254 315 3287 ex
334 3251 426 3285 seruos
444 3250 464 3285 α
483 3234 491 3303 ΗΗ
509 3236 712 3300 tribunosmp.
727 3234 990 3297 caticumenum
1008 3231 1016 3300 ΗΗ
1037 3236 1067 3282 13
1085 3234 1174 3298 apello
1187 3239 1218 3282 M
1235 3232 1243 3299 Η
1262 3234 1333 3301 erus]

138 3326 298 3377 Frciuehcim
321 3323 356 3373 ad
380 3323 451 3373 Flor.
474 3326 499 3384 4,
520 3325 545 3384 2,
569 3325 615 3385 72,·
633 3322 711 3371 heres
730 3326 753 3370 O
772 3319 780 3388 Η
799 3319 838 3387 tu]
861 3327 952 3370 tamen
972 3325 996 3368 P
1021 3319 1029 3388 ΗΗ
1055 3323 1087 3368 14
1108 3320 1251 3385 disciplina
1272 3322 1305 3369 P1
1332 3338 1334 3361 ι

138 3429 243 3464 crucem
267 3411 345 3461 iussit
366 3415 389 3458 P
413 3407 420 3476 ΗΗ
450 3412 481 3458 16
505 3409 577 3474 quod
600 3424 620 3458 α
642 3407 650 3476 Η
676 3410 706 3456 17
730 3415 859 3474 petuntur
882 3413 905 3456 P
928 3409 1006 3472 petiit
1028 3405 1096 3475 αβμ
1118 3406 1126 3474 Η
1149 3405 1253 3472 maluit]
1281 3405 1334 3473 βνς

138 3501 221 3551 malui
235 3505 334 3567 ΜΡΒμ
351 3497 447 3546 maluit
465 3497 569 3561 <enim>
581 3511 601 3546 α
619 3494 627 3563 ΗΗ
648 3498 678 3545 18
697 3497 821 3561 periurus
839 3501 862 3543 P
880 3494 888 3563 ΗΗ
909 3497 940 3543 19
960 3509 1038 3544 cruce
1057 3508 1077 3543 α
1095 3492 1103 3558 ΗΗ
1122 3496 1155 3542 20
1174 3511 1237 3543 crux
1258 3496 1287 3558 (x
1306 3498 1333 3545 iu

139 3596 203 3649 ree.)
217 3593 248 3636 M
265 3613 267 3653 Η
281 3588 387 3651 utrique
401 3585 442 3634 M¹
456 3585 583 3650 utrinque
596 3584 639 3633 M²
651 3583 659 3650 Η
677 3579 754 3651 sine&
768 3581 794 3648 (e
806 3583 883 3646 eres.)
898 3588 929 3631 M
947 3580 955 3648 Η
974 3584 1007 3630 22
1021 3597 1097 3631 serva
1110 3580 1212 3647 natum]
1228 3581 1335 3630 Freins-

139 3677 204 3725 het'm
223 3674 258 3723 ed
277 3673 347 3723 Pler.
367 3676 391 3734 1,
410 3676 435 3734 6,
455 3675 468 3720 1
490 3674 536 3738 (cf.
555 3672 645 3721 ιῙιιυεη.
664 3673 690 3732 8,
708 3673 785 3732 259);
804 3685 881 3720 seruc
901 3674 994 3719 natum
1016 3672 1042 3725 (ο
1057 3686 1074 3717 ιι
1094 3672 1121 3718 in
1139 3687 1191 3718 rus.
1211 3689 1259 3717 scr.
1279 3669 1335 3733 M³;

139 3763 180 3810 M¹
202 3761 252 3811 rid.
271 3763 402 3825 scripsisse
421 3760 604 3823 serunaatum)
624 3756 746 3826 ΜΡΒβμ
765 3772 873 3807 seruum
891 3771 912 3806 α
930 3772 1036 3806 seruum
1057 3764 1149 3805 nutum
1168 3771 1185 3805 ν
