2760 4110
55 197 83 245 p.
103 156 154 228 rre'
174 180 206 229 K.
450 178 522 229 nm.
535 178 616 229 v1111
643 179 739 244 ceo),
756 181 867 231 ra-ao.
1199 162 1261 226 431

145 333 266 398 Omnes
290 333 342 397 illo
367 333 473 398 coloro
495 336 547 398 usi
570 344 658 418 sunt,
682 358 702 399 a
725 357 867 399 noverca
888 338 1086 400 nominatam
1108 334 1208 400 filiam
1230 339 1264 400 in
1287 334 1331 400 20

57 439 201 502 dolorem
216 441 326 523 patris.
359 439 486 503 Granio
509 438 603 524 plura
627 438 727 503 dixit:
750 439 899 523 fortasse,
922 441 1035 525 inquit,
1058 440 1143 504 hanc
1166 443 1264 505 nomi·

55 546 155 626 navit,
178 552 214 606 ut
236 565 331 606 veros
356 545 502 606 conscios
527 542 656 626 celaret,
686 543 824 606 fortasse
847 553 892 627 ut,
921 546 998 628 quia
1025 567 1195 608 acerrume
1217 547 1263 608 in-

56 647 164 711 stabat
186 657 366 730 accusatm,
394 647 456 710 hoc
486 656 574 710 metu
603 649 732 711 territus
759 647 859 711 finem
888 650 1054 712 tormentis
1084 651 1264 733 inponeret,

19 752 191 818 sfortasse
214 754 313 814 nimio
338 751 447 815 dolore
471 760 704 814 tormentorum
724 751 905 836 stupefacta
920 755 1033 835 nescit,
1057 752 1136 838 quid
1157 753 1265 838 loque-

55 866 153 920 retur.
187 858 372 919 novissume
396 855 494 919 dixit:
518 855 654 918 fortasse
677 857 711 918 in
726 854 799 938 hoc,
821 865 867 939 ut,
884 878 968 941 quae
983 877 1105 940 poenas
1125 856 1264 920 venefici

57 959 166 1042 dabat,
191 961 405 1023 accusationis
423 961 578 1043 exigeret.
607 958 697 1022 illum
720 981 851 1023 sensum
873 959 1008 1024 adiecit:
1034 983 1077 1025 ex
1099 962 1179 1024 meis
1202 959 1265 1023 hoc

55 1063 240 1127 adfectibus
263 1072 426 1127 aestumo:
458 1072 536 1126 tunc
565 1085 640 1126 oum
665 1065 724 1146 ira,
754 1086 828 1126 cum
852 1063 924 1127 odio
947 1064 1100 1148 furerem,
1129 1067 1263 1128 circum-

57 1167 236 1253 spiciebam
268 1170 371 1231 omnis
401 1167 530 1231 ultionis
557 1169 627 1231 vias
659 1167 775 1232 oblitus
806 1170 1028 1253 innocentiae3
1060 1172 1087 1233 si
1116 1172 1263 1255 proprios

10 1291 37 1338 ιο
56 1273 223 1336 habuisset
245 1272 327 1336 filios
350 1295 504 1356 noverca,
529 1272 729 1336 occidissem.
760 1275 794 1335 in
816 1273 902 1337 hanc
925 1275 1029 1359 ipsam
1044 1277 1193 1359 quotiens
1207 1277 1263 1338 im-

55 1387 166 1462 petum
194 1377 303 1439 facere
336 1376 439 1440 voluit
472 1376 530 1440 sed
560 1387 694 1461 propter
723 1377 785 1440 hoc
814 1400 834 1441 a
862 1400 914 1441 me
936 1388 1006 1442 tuta
1030 1388 1109 1462 erat,
1133 1378 1221 1463 quod
1243 1402 1263 1442 a

56 1491 160 1544 matre
184 1503 249 1544 non
273 1491 351 1544 orat.
376 1480 385 1566 ΗΗ

145 1678 191 1722 01>
219 1676 229 1721 l
252 1674 382 1721 nomitam
401 1677 422 1721 G
441 1670 449 1739 Η
468 1675 483 1720 2
503 1672 595 1722 dolore
613 1678 664 1721 VD
688 1669 696 1741 ΗΗ
719 1672 803 1738 gallio
821 1691 888 1723 corr.
907 1690 939 1723 ea
956 1673 1029 1738 glaio
1047 1679 1071 1722 B
1095 1672 1103 1743 ΗΗ
1126 1675 1141 1721 3
1165 1689 1263 1739 pueros

56 1762 84 1826 (p
105 1762 163 1824 del.)
228 1780 236 1827 ¹i
255 1760 414 1810 caelaretc
437 1760 445 1827 Η
469 1759 597 1826 instabat]
622 1767 680 1820 Du;
704 1763 804 1810 istauat
821 1767 873 1810 AB
897 1761 995 1811 istabat
1013 1767 1040 1810 V
1062 1759 1071 1829 ΗΗ
1093 1766 1109 1810 5
1128 1762 1263 1811 *fortasse

56 1847 150 1914 nimio]
171 1849 283 1897 fortasse
303 1848 375 1896 enim
394 1849 423 1895 in
442 1846 483 1911 (iu
495 1847 529 1913 B)
549 1851 581 1909 0,
600 1848 713 1897 fortasse
732 1856 760 1896 et
778 1849 861 1897 nimio
880 1849 918 1898 Ba
935 1846 944 1915 ΗΗ
964 1850 1060 1898 nesciit
1072 1854 1123 1897 VD
1142 1846 1150 1917 ΗΗ
1169 1849 1262 1913 loquo·
1333 1850 1336 1855 '

55 1947 97 1985 ret
115 1942 142 1984 A
166 1994 168 2001 y
188 1938 203 1984 6
223 1936 384 1984 nonnisume
403 1940 454 1983 AB
477 1936 611 1983 nouisime
629 1940 656 1982 V
679 1936 826 1984 nouissime
844 1941 868 1983 D
892 1934 900 2002 Η
924 1942 1009 2000 utque
1028 1950 1129 2000 poenas
1148 1934 1263 1985 benefici

57 2022 194 2087 (ueneficii
207 2023 244 2082 V)
265 2026 286 2070 G
304 2018 313 2088 ΗΗ
333 2023 347 2069 7
366 2019 496 2086 exigeret]
514 2027 573 2083 Du3
594 2023 716 2086 exigerat
735 2026 756 2071 Ο
774 2019 782 2089 ΗΗ
800 2023 817 2070 8
836 2029 941 2072 estumo
954 2028 1008 2071 AV
1027 2025 1122 2072 estimo
1139 2028 1163 2071 B
1182 2024 1263 2072 aesti-

56 2127 99 2159 mo
118 2117 143 2158 D
162 2108 169 2176 Η
189 2106 260 2173 cum]
281 2115 338 2157 tum
357 2115 381 2156 D
400 2105 409 2174 ΗΗ
427 2107 553 2174 furerem]
573 2122 604 2170 τ;
623 2108 713 2158 furere
725 2109 816 2157 AVD¹
834 2110 924 2159 furore
936 2114 960 2157 B
979 2110 1080 2159 fureret
1092 2109 1129 2158 D²
1147 2108 1155 2175 Η
1174 2111 1262 2174 9pro-

55 2200 127 2263 prior
141 2202 191 2245 AB
210 2193 219 2263 ΗΗ
239 2198 271 2244 10
285 2197 439 2244 oocisissem
452 2200 503 2244 AB
523 2195 666 2244 occidisset
677 2195 714 2243 D²
733 2192 741 2263 Η
762 2199 790 2244 11
806 2196 894 2245 volui!
908 2194 965 2263 sed]
979 2195 1058 2258 Boou·
1071 2196 1204 2245 uoluisset
1216 2200 1240 2245 Ο
1253 2192 1263 2262 ΗΗ

55 2300 72 2334 a
84 2290 158 2333 metu
172 2285 211 2332 ita
223 2288 273 2331 AB
291 2279 299 2349 ΗΗ
318 2285 349 2330 12
363 2281 455 2331 lannel
470 2281 490 2346 (l
505 2320 510 2330 .
524 2283 606 2330 annai
618 2285 656 2346 V)
670 2296 784 2331 senecae
797 2284 993 2332 sententiarum
1006 2282 1110 2332 colores
1122 2283 1261 2331 rethorum

57 2371 143 2434 (retho
164 2386 197 2419 ex
216 2375 242 2417 A
266 2368 403 2418 rehtorum
423 2370 460 2431 V)
485 2368 554 2417 liber
572 2368 635 2417 .V.
655 2368 895 2434 explicit.incipit
919 2369 988 2418 liber
1006 2376 1098 2418 sextus
1117 2368 1206 2434 (VI.
1224 2369 1259 2433 B)

55 2460 188 2507 feliciter.
203 2461 224 2505 G
243 2457 368 2506 l.annei
387 2447 503 2505 senecae
521 2457 717 2505 sententiarum
737 2464 764 2505 et
783 2456 902 2505 colorum
922 2457 1059 2506 rhetorum
1079 2464 1106 2505 et
1124 2464 1261 2505 oratorum

56 2546 124 2593 liber
144 2550 255 2608 quartus
275 2543 386 2607 explicit
400 2581 405 2592 .
419 2543 516 2607 incipit
534 2543 603 2591 liber
622 2549 713 2591 sextus
732 2549 759 2591 et
777 2543 890 2592 ultimus
908 2543 1025 2592 feliciter
1043 2549 1067 2591 D
