2760 4110
86 174 150 238 624

119 350 206 400 facete
225 350 326 400 dictum
345 350 479 400 Gallionis
500 353 558 416 ipse
580 367 656 402 usur·

120 451 183 502 pare
196 439 285 502 coepit
297 439 357 499 550,
371 438 394 487 6.
408 438 436 502 8,
456 440 514 488 eius
527 438 655 488 iudicium

119 523 152 573 de
174 538 254 573 versu
272 522 387 590 Vergilii
414 527 478 586 545,
499 529 524 588 1,
548 525 656 575 Albucii

119 612 280 661 sententiam
303 627 358 661 non
380 613 505 676 probavit
531 614 589 674 155,
610 613 654 676 18,

119 698 233 747 Fabiani
252 698 369 748 colorem
387 698 510 749 laudavit
530 701 588 761 151,
601 701 625 749 8.

85 781 227 837 Valerius
253 786 295 850 (L.
315 786 441 836 Valerius
463 785 580 837 Messala
604 786 655 835 Vo-

119 871 207 937 lesus).
227 872 297 922 Eum
309 874 408 923 Furius
420 873 581 923 Saturninus
593 889 655 924 con·

119 959 256 1009 damnavit
275 961 371 1021 329,1.

83 1042 203 1098 Vallius
223 1046 340 1107 (Vallius
353 1046 487 1111 Syriacus)
501 1052 655 1112 praecepto·

118 1149 175 1184 rem
185 1134 456 1184 habuitTheodorum
468 1134 562 1197 121,8,
575 1133 655 1184 homo

119 1222 233 1271 disertus
253 1222 311 1282 126,
331 1225 353 1270 1.
376 1222 436 1282 411,
455 1223 483 1285 6,
506 1223 535 1270 in
559 1205 655 1270 matro-

119 1324 180 1358 nam
199 1308 326 1358 adulterii
345 1322 418 1356 ream
437 1307 599 1357 calumniam
615 1309 655 1357 iu·

118 1397 188 1447 ravit
211 1400 304 1444 contra
321 1395 428 1443 Iunium
442 1394 577 1444 Othonem
597 1396 655 1457 126,

120 1488 144 1543 1,
168 1487 261 1532 0011111
279 1481 450 1530 Bruttedium
463 1481 575 1546 Nigrum
589 1481 657 1531 dixit

120 1571 177 1630 126,
190 1571 218 1629 9,
232 1575 325 1618 contra
338 1567 495 1618 Stertinium
508 1568 655 1618 Maximum

119 1656 193 1716 dixit,
216 1671 233 1704 a
255 1670 308 1720 quo
331 1655 509 1720 premebatur,
533 1671 594 1704 cum
613 1671 655 1704 co·

118 1758 173 1792 mes
196 1743 270 1791 illius
287 1741 383 1791 fuisset
409 1743 529 1803 121,10,
558 1741 656 1792 diserte

119 1829 204 1879 multa
225 1829 292 1877 dixit
317 1831 433 1891 126,15,
452 1828 528 1877 vafre
545 1829 611 1878 fecit
628 1836 656 1878 et

120 1915 191 1964 belle
204 1915 343 1964 Bruttedio
362 1915 500 1981 respondit
520 1916 612 1978 121,1.
627 1917 654 1978 6,

120 2003 177 2050 eius
195 2001 267 2050 dicta
285 2002 389 2066 magnis
402 2007 515 2066 excepta
527 2007 590 2051 111111
602 2001 655 2051 111-

120 2088 237 2137 moribus
258 2088 371 2148 121,15,
391 2103 452 2138 cum
471 2095 610 2138 accusaret
629 2094 656 2138 et

122 2175 284 2224 calumniam
308 2172 411 2222 laturus
435 2190 493 2224 esse
512 2176 656 2238 videretur,

121 2264 213 2313 irrisus
232 2264 273 2310 est
291 2260 324 2309 ab
337 2260 421 2310 Asilio
440 2261 540 2311 Sabino
559 2265 618 2324 411,
632 2265 655 2312 6.

173 2347 328 2398 Sententiae:
347 2349 389 2409 21,
403 2349 426 2396 9,
446 2350 504 2408 324,
518 2351 543 2397 8.

176 2435 287 2484 Colores:
306 2436 347 2497 21,
361 2436 384 2483 8.
406 2436 462 2496 185,
476 2437 498 2482 4.

85 2520 195 2574 Varius
216 2520 324 2585 (Varius
343 2521 482 2584 Geminus)
500 2523 572 2586 apud
590 2522 656 2572 Cae-

121 2624 206 2658 sarem
217 2609 284 2658 dixit
297 2611 355 2670 265,
366 2611 394 2673 9,
408 2608 507 2658 bellam
521 2625 576 2658 rem
590 2611 658 2660 dixit

121 2698 231 2760 28313,
242 2698 403 2745 sententiam
413 2697 489 2756 dixit,
499 2711 569 2760 quae
579 2698 657 2748 valde

122 2783 279 2832 circumlata
304 2788 344 2832 est
368 2785 427 2845 326,
448 2785 493 2843 18,
517 2785 574 2832 eius
598 2799 657 2833 sen-

121 2871 233 2919 tentiam
244 2869 351 2918 Cassius
361 2869 475 2918 Severus
488 2872 568 2919 unice
581 2872 658 2920 mira-

121 2957 200 3005 batur
218 2958 277 3016 564,
293 2959 321 3015 4,
346 2955 453 3006 Cassius
472 2957 585 3006 Severus
605 2959 657 3006 aie·

123 3045 169 3093 bat
192 3043 260 3092 alios
283 3042 456 3106 declamasse,
480 3058 541 3092 eum
565 3045 657 3093 vivum

123 3129 263 3180 eonsilium
277 3130 381 3178 dedisse
399 3132 517 3193 564,12,
537 3130 659 3180 scurrilia

123 3219 198 3279 dixit,
217 3223 247 3266 ut
266 3218 291 3265 11
310 3231 366 3265 mos
386 3223 443 3266 1111
462 3219 521 3279 565,
534 3220 560 3278 1,
579 3217 613 3267 ab
627 3231 658 3266 10

123 3305 246 3353 dissensit
265 3302 372 3353 Cestius
394 3305 512 3364 34411,
536 3305 594 3353 eius
617 3321 659 3354 co-

122 3392 206 3441 lorem
225 3390 386 3454 improbavit
404 3390 509 3440 Cestius
528 3393 587 3453 242,
601 3393 624 3440 3.
685 3380 688 3431 1

176 3476 333 3527 Sententiae.-
352 3478 464 3538 298,15.
484 3479 543 3539 300,
557 3481 580 3527 3.
601 3480 659 3541 305,

125 3567 164 3614 11.
184 3567 243 3626 314,
257 3565 281 3613 e.
300 3565 359 3625 113,
374 3566 415 3613 11.
433 3566 492 3627 131,
509 3566 547 3614 11,
562 3567 621 3627 341,
635 3567 658 3613 3.

124 3655 183 3713 564,
200 3655 238 3700 15.

683 2618 685 2661 l

683 2666 685 2693 1

683 2768 685 2813 1

684 3193 687 3254 1

685 3446 687 3473 1

685 3482 687 3505 1

685 3514 688 3563 1

620 196 744 249 INDEX.

802 354 914 404 Colores:
932 357 991 417 241,
1005 358 1048 406 20.
1063 358 1129 421 285,
1144 362 1185 410 13.
1198 361 1252 422 281,
1260 363 1278 409 3.

746 441 805 503 291,
824 443 848 490 3.
867 443 981 511 31518,Ι
1001 444 1062 503 326,
1080 447 1279 497 14192021.

746 529 805 589 321,
827 529 851 576 4.
879 529 938 590 329,
963 532 1003 578 15.
1033 532 1096 593 334,
1117 534 1160 583 20.
1189 537 1245 596 331,
1260 536 1278 583 3.

744 615 842 668 3381.
862 617 921 676 344,
937 618 975 665 10.
995 619 1055 678 420,
1070 620 1096 669 5.

709 695 809 752 Varro
823 700 918 764 (Varro
929 702 1081 768 Atacinus).
1093 705 1221 771 Optimos
1232 710 1282 758 eius

743 801 837 836 versus
847 787 997 852 Vergilium
1015 790 1044 839 in
1062 792 1166 843 melius
1185 809 1282 860 expres·

744 875 809 923 sisse
822 873 889 924 dixit
900 874 987 924 Iulius
1000 877 1153 929 Montanus
1169 881 1230 942 288,
1244 883 1282 939 16,

744 960 849 1010 solebat
861 961 973 1010 Ovidius
991 962 1026 1011 de
1041 964 1141 1014 iisdem
1161 968 1221 1016 eius
1231 982 1282 1016 ver·

744 1047 818 1096 sibus
845 1048 946 1109 dicere,
975 1052 1099 1113 potuisse
1126 1051 1187 1102 fieri
1209 1053 1282 1118 longe

744 1133 867 1184 meliores
887 1135 950 1196 289,
970 1137 997 1196 1,
1016 1151 1101 1201 quem
1120 1139 1211 1189 voluit
1228 1154 1281 1190 sen·

744 1235 803 1269 sum
822 1222 922 1285 optime
940 1221 1088 1286 explicavit
1102 1226 1166 1287 289,
1176 1229 1201 1276 4.
1214 1244 1216 1248 ·

709 1303 809 1358 Varus
826 1323 851 1356 v.
871 1307 1028 1368 Quintilius.

709 1389 850 1445 Vatinius
880 1394 921 1457 (P.
950 1396 1088 1459 Vatinius)
1120 1399 1201 1448 Calvi
1228 1415 1282 1450 rens

745 1481 862 1543 308,12,
881 1479 1019 1531 Ciceronis
1036 1484 1168 1535 inimicus
1189 1487 1242 1536 11111
1256 1501 1283 1535 ac

743 1571 835 1616 tamen
853 1567 887 1616 ab
906 1583 938 1617 eo
957 1567 1086 1620 defensus
1106 1577 1150 1622 est
1167 1575 1228 1635 565,
1248 1574 1281 1622 10.

709 1649 844 1705 ventidii
863 1656 923 1715 516,
945 1656 984 1704 17.

709 1736 810 1792 Venus
827 1741 901 1790 sidus
918 1742 978 1802 552,
996 1743 1020 1791 9.

709 1824 904 1890 Vergilianus
922 1829 1042 1892 549,18,
1061 1829 1211 1896 descriptio
1229 1833 1282 1891 549,

746 1917 791 1977 14,
810 1915 843 1964 11.
858 1914 1001 1980 Vergilius.

709 1997 865 2063 Veranius
884 2001 923 2059 tP.
937 2001 1077 2066 Vergilius
1095 2004 1195 2068 Maro).
1217 2004 1281 2054 Eum

744 2088 902 2137 felicitatem
924 2089 1029 2152 ingenii
1046 2090 1089 2138 sui
1113 2091 1145 2138 in
1165 2093 1282 2141 oratione

745 2173 833 2223 soluta
862 2174 1003 2238 reliquisse
1031 2174 1143 2225 Cassius
1172 2177 1282 2228 Severus

745 2262 908 2311 existimavit
919 2263 978 2323 201,
990 2263 1035 2325 16,
1048 2263 1074 2311 11
1088 2263 1207 2313 imitatio
1219 2264 1282 2313 bene

745 2350 832 2410 cessit,
852 2350 899 2414 qui
918 2349 1032 2412 optimos
1048 2363 1144 2398 versus
1158 2350 1282 2400 Varronis

745 2437 876 2500 expressit
894 2437 922 2484 in
941 2434 1038 2484 melius
1062 2436 1125 2495 288,
1148 2439 1194 2497 15,
1213 2437 1281 2486 Arel-

745 2522 798 2571 lius
817 2523 875 2572 eius
893 2536 985 2570 versus
998 2521 1087 2570 voluit
1104 2523 1208 2572 imitari
1227 2525 1281 2583 518,

746 2611 792 2671 20,
809 2610 873 2658 item
887 2607 992 2658 Cestius
1004 2609 1063 2657 eius
1076 2609 1281 2675 descriptionem

747 2697 805 2755 288,
827 2697 871 2754 12,
890 2696 1056 2744 Maecenatis
1075 2695 1109 2744 de
1121 2710 1204 2745 versu
1223 2712 1282 2761 quo·

747 2782 808 2831 dam
827 2783 884 2831 eius
902 2781 1031 2830 iudicium
1050 2782 1109 2842 528,
1129 2785 1154 2831 4.
1178 2785 1238 2844 545,
1257 2784 1282 2842 3,

747 2872 811 2918 item
830 2869 962 2919 Messalae
980 2870 1042 2930 545,
1067 2872 1095 2928 1,
1118 2870 1185 2919 item
1205 2869 1282 2919 Sene·

747 2971 796 3006 cae
818 2957 883 3016 544,
906 2957 950 3015 13,
974 2956 1032 3005 eius
1055 2955 1088 3003 de
1107 2954 1175 3004 luna
1193 2971 1284 3006 vorsus

748 3042 833 3092 multo
844 3041 1019 3105 simpliciores
1029 3046 1057 3091 et
1063 3042 1200 3092 beatiores
1211 3049 1285 3093 erant

748 3145 828 3194 quam
847 3128 941 3178 Arellii
959 3129 1073 3177 imitatio
1087 3129 1147 3189 549,
1162 3133 1192 3188 5,
1212 3130 1285 3180 Arel-

748 3216 800 3265 lius
825 3231 857 3265 ex
880 3231 912 3264 eo
937 3214 1024 3264 multa
1046 3214 1155 3264 trahere
1174 3216 1285 3268 solebat.

747 3309 779 3352 ut
802 3303 955 3351 Maecenati
981 3303 1126 3366 imputaret
1154 3305 1216 3365 549,
1246 3306 1286 3355 13:

749 3389 837 3440 Gallio
849 3390 908 3437 eius
918 3388 1143 3449 rettulitversum,
1155 3392 1204 3453 qui
1217 3405 1287 3439 nunc

749 3492 804 3526 non
815 3477 953 3536 1111111550,
962 3477 1006 3534 11,
1017 3474 1130 3524 Ovidius
1138 3477 1199 3525 eius
1208 3476 1289 3526 verba

750 3578 829 3627 saepe
847 3561 936 3627 palam
956 3567 1094 3610 mutuatus
1114 3563 1289 3613 0111100111-

750 3666 801 3712 mo,
820 3656 851 3699 nt
868 3649 954 3698 vellet
966 3649 1076 3712 agnosci
1089 3649 1151 3710 550,
1167 3651 1215 3714 16,
1227 3650 1291 3700 Iulii

171 3739 335 3790 Dioiaimzcs:
354 3739 447 3803 2831.
467 3740 581 3803 294,13.
601 3740 661 3801 301,
750 3738 873 3786 Montani
891 3737 991 3784 dictum
1009 3734 1113 3783 11111111
1132 3738 1292 3799 pronuntia·

109 3832 130 3881 6.
151 3832 214 3897 343,
229 3833 272 3885 20.
295 3833 358 3899 563,
373 3834 416 3886 21.
438 3832 500 3898 565,
516 3833 540 3882 1.

761 3825 840 3872 tione
854 3821 920 3879 unt,
933 3822 980 3871 13,
