2760 4110
565 173 778 225 PRAEFATIO.
1225 165 1274 222 XI

69 325 193 390 codicis
228 326 385 412 plicatura
418 327 528 392 latent.
569 330 733 414 inscriptio
764 328 864 394 deest.
896 367 939 376 -
972 331 1108 395 Librum
1141 332 1274 396 contulit

68 431 111 495 H.
135 431 168 496 J.
192 431 373 517 1111111011)

174 536 206 600 3.
230 535 345 601 Codex
360 537 577 601 Vaticanus
600 536 661 623 (V)
684 537 899 604 bibliothecae
915 541 1094 604 Vaticanac
1118 564 1165 604 nr.
1186 539 1272 604 3872

68 640 350 723 membranaceus,
367 642 489 707 formae
502 639 690 726 quadratae,
704 645 758 728 qui
771 643 900 708 1000010
912 644 955 727 X,
972 653 1004 708 et
1016 654 1156 708 exeunte
1167 645 1272 730 potius

70 766 170 830 quam
185 747 327 828 ineunte,
350 748 487 832 scriptus
510 756 695 832 posteaque,
719 747 778 811 sed
798 747 986 813 brevissimo
1002 750 1154 833 temporis
1170 750 1271 832 spatio

68 851 247 933 interiecto,
260 872 359 915 manu
373 853 550 916 recentiore
563 851 640 938 (vr)
654 861 816 916 correctus
829 863 890 935 est3
902 876 1067 938 perpauca
1079 855 1215 918 mutavit
1225 856 1271 913 V³

69 977 155 1019 saec.
167 954 242 1018 XV.
260 965 384 1019 constat
397 956 459 1018 142
469 956 591 1041 foliisl)
600 995 643 1002 -
652 956 788 1020 Librum
800 956 932 1021 contulit
944 957 987 1020 M.
998 957 1238 1041 Petschenig.
1244 956 1270 1042 ³)

177 1094 197 1156 ¹)
216 1094 307 1144 Codex
331 1096 436 1160 magnis
460 1095 557 1146 litteris
581 1098 681 1161 optime
705 1102 830 1146 exaratus
853 1096 957 1145 nullam
981 1113 1092 1163 nsquam
1116 1096 1270 1162 legentibus

67 1181 158 1230 adfert
175 1180 370 1231 difficultatem.
389 1181 424 1231 de
442 1197 473 1230 eo
487 1182 531 1231 Fr.
544 1181 644 1232 Oehler
657 1199 723 1232 mus.
737 1182 813 1234 rhen.
828 1186 841 1231 1
856 1200 880 1248 p.
894 1184 958 1232 315:
978 1180 1043 1232 ‘Der
1056 1182 1146 1232 Codex
1158 1184 1193 1232 ist
1206 1183 1270 1233 aber

69 1285 97 1317 so
116 1267 296 1333 uaglaublich
309 1274 417 1334 corrupt
434 1269 611 1334 geschrieben
630 1269 685 1319 und
699 1268 849 1320 theilweise
867 1269 971 1320 schwer
988 1285 1022 1319 zu
1041 1270 1125 1331 lesen,
1145 1269 1204 1318 dass
1223 1269 1266 1318 1011

67 1354 141 1405 mich
155 1353 203 1404 der
215 1354 389 1405 milhevollen
402 1355 496 1405 Arbeit
508 1357 583 1405 einer
595 1355 716 1405 niiheren
729 1356 942 1420 Untersuehung
962 1356 1026 1406 oder
1039 1355 1174 1406 Collation
1194 1356 1268 1405 nicht

67 1443 135 1493 eber
153 1442 331 1492 unterziehen
351 1458 420 1508 mag,
443 1441 484 1491 als
507 1441 551 1492 ich
570 1448 640 1491 etwe
657 1443 743 1505 weiss,
758 1442 869 1507 jemand
891 1443 976 1492 damit
995 1445 1075 1493 einen
1095 1443 1266 1493 bestimmten

67 1527 166 1578 Dienst
180 1543 214 1578 zu
232 1526 348 1578 laisten'.
362 1558 394 1566 -
409 1530 556 1580 Bursianus
569 1534 597 1578 et
609 1544 658 1578 sua
670 1544 735 1579 usus
747 1529 828 1580 huius
845 1530 907 1579 libri
926 1529 1071 1579 collatione
1090 1536 1117 1579 et
1130 1545 1169 1590 ea,
1189 1546 1268 1595 qnam

70 1614 268 1664 Fridericus
285 1616 394 1665 Haase
412 1615 573 1678 coniecerat,
587 1631 621 1667 ex
634 1615 684 1666 hac
701 1613 840 1666 ‘lectiones
853 1616 926 1666 haud
944 1631 1043 1681 pancas
1055 1632 1072 1666 a
1084 1632 1113 1666 se
1132 1617 1271 1682 neglectas

70 1698 231 1766 supplevit'3
254 1702 435 1767 Kiesslingius
454 1703 637 1768 apographum
656 1703 823 1753 Bassianum
843 1709 951 1753 secutus
975 1699 1130 1753 ‘nonnullos
1148 1705 1271 1767 quamvis

70 1802 223 1854 perpaucos
235 1789 399 1839 Bursianeae
416 1789 542 1839 editionis
555 1804 658 1840 errores
675 1791 807 1855 corrigere
825 1791 910 1854 posse'
929 1790 980 1839 sibi
998 1792 1072 1839 visus
1091 1795 1139 1839 est.
1158 1796 1186 1839 at
1204 1789 1271 1839 duas

70 1873 133 1924 illas
152 1875 312 1925 collationes
330 1877 395 1926 satis
414 1875 506 1927 multis
524 1877 590 1926 locis
609 1878 679 1925 inter
697 1891 726 1925 se
745 1875 852 1926 differre
869 1891 932 1927 aun.
946 1876 1010 1942 phil.
1027 1877 1092 1926 1873
1112 1894 1137 1942 p.
1150 1878 1201 1925 1134
1214 1890 1269 1941 seq.

69 1963 193 2026 exposui,
211 1978 244 2012 ac
262 1967 359 2012 neutra
377 1978 450 2024 sane,
469 1964 520 2013 etsi
538 1964 631 2028 mavia
650 1979 704 2012 non
723 1964 822 2013 omissa
839 1969 910 2024 suut,
930 1963 1063 2012 erroribus
1083 1971 1163 2013 caret.

175 2047 197 2112 2)
212 2034 303 2098 Codex
315 2054 342 2098 V
351 2049 534 2114 septendecim
548 2049 771 2114 quaternionibus
784 2057 878 2098 etune
892 2051 1015 2100 terniano
1028 2055 1142 2111 constat,
1155 2064 1268 2114 quorum

70 2135 136 2184 ordo
156 2149 173 2184 a
197 2134 352 2201 bibliopega
374 2138 413 2186 ita
436 2137 558 2186 turbatus
581 2144 630 2198 est,
654 2143 684 2185 ut
707 2137 729 2185 is
754 2137 805 2199 (x),
831 2139 877 2200 qui
902 2137 1021 2187 decimus
1046 2137 1187 2200 quaternio
1211 2151 1270 2185 esse

69 2222 173 2283 debuit,
193 2221 471 2285 duodecimusfieret,
491 2222 577 2272 idest
599 2229 629 2272 ut
653 2238 711 2271 sese
735 2225 891 2288 exciperent
914 2224 1104 2288 quaterniones
1123 2225 1147 2284 9,
1169 2226 1208 2284 10,
1229 2226 1269 2283 11,

67 2323 91 2359 x
110 2308 175 2370 (12),
195 2323 255 2358 cum
279 2314 368 2358 rectus
391 2309 455 2359 ordo
479 2315 561 2358 esset:
585 2313 609 2370 9,
629 2323 650 2359 11
670 2309 734 2373 (12),
762 2313 801 2371 10,
827 2313 866 2358 11.
890 2309 989 2359 desinit
1012 2315 1103 2359 autem
1127 2310 1269 2374 quaternio

69 2410 159 2444 nonus
178 2393 235 2458 (iol.
256 2395 312 2459 72')
332 2396 360 2444 111
379 2394 468 2445 verbis
487 2396 546 2444 binc
564 2412 647 2445 eirenes
666 2399 823 2458 quaestiones
842 2397 1008 2461 (1117213)
1029 2401 1056 2445 01
1073 2395 1112 2443 V²
1129 2397 1158 2444 in
1176 2395 1270 2445 dextra

68 2486 147 2547 parte
165 2481 299 2531 interioris
311 2483 440 2547 marginis
453 2483 560 2546 scripsit
578 2485 663 2531 transi
681 2481 717 2531 011
736 2481 910 2532 duodecimum
922 2484 1127 2545 quaternionem
1146 2481 1269 2531 similiter

67 2569 214 2634 quaternio
233 2567 407 2618 duodecimus
426 2567 480 2633 (101.
501 2569 557 2631 961)
578 2567 677 2618 desinit
694 2570 723 2617 in
742 2569 830 2618 verbis
849 2568 885 2618 011
904 2571 1002 2632 inferos
1016 2570 1152 2633 perferam
1170 2571 1268 2619 licuisse

69 2654 107 2720 (p.
121 2657 182 2717 2711,
196 2655 222 2719 3)
242 2661 270 2705 01
287 2655 327 2703 V²
344 2656 409 2705 item
428 2656 456 2703 in
474 2654 569 2704 dextra
586 2660 662 2719 parte
680 2654 814 2705 inferioris
828 2657 957 2720 marginis
975 2655 1081 2720 scripsit
1094 2662 1220 2706 reuertere
1233 2655 1269 2704 ad

66 2741 194 2792 1100101001
210 2745 409 2804 quaternionem.
434 2743 511 2807 signa
529 2747 669 2806 praeterea
686 2743 810 2806 apposita
829 2749 904 2793 sunt:
926 2742 960 2792 ad
978 2742 1059 2791 finem
1083 2743 1268 2807 quaternionis

65 2829 135 2878 noni
153 2828 184 2890 A,
207 2829 237 2878 in
259 2829 337 2879 initio
361 2829 546 2894 quaternionis
571 2827 722 2881 duodecimi
746 2829 777 2891 B,
802 2829 830 2877 in
853 2828 907 2877 fine
933 2829 1052 2879 eiusdem
1073 2829 1101 2880 C.
1128 2831 1182 2878 ianr
1205 2845 1267 2879 cum

65 2915 154 2966 codex
173 2915 322 2965 Toletanus
341 2916 386 2979 (Τ)
406 2928 439 2964 ex
459 2915 590 2964 Vaticano
609 2915 814 2977 describeretur,
833 2914 958 2965 librarius
980 2915 1113 2981 stupidus,
1136 2931 1198 2965 cum
1216 2931 1268 2965 nec

65 3008 148 3052 notas
169 3003 332 3068 marginales
356 3001 529 3067 intellegeret
551 3016 603 3052 nec
625 3000 728 3050 hiatum
753 3003 882 3052 orationis
905 3004 1077 3067 perspiceret,
1100 3003 1187 3067 priore
1206 3002 1266 3052 leco

66 3090 205 3139 exaravitt
224 3089 283 3139 binc
300 3105 385 3140 0101100
401 3091 558 3152 quaestiones
576 3091 661 3138 transi
678 3087 716 3138 aa
738 3087 913 3139 duodecimam
930 3092 1121 3152 quaternionem
1139 3089 1203 3138 nrilri
1216 3107 1268 3154 per

59 3177 180 3242 fratrem
203 3178 312 3239 0111110111
334 3193 411 3240 quam
430 3213 459 3225 ..
484 3175 520 3240 (p.
540 3176 600 3237 275,
617 3175 653 3240 3),
676 3177 824 3240 posteriore
848 3175 907 3225 loco
928 3177 999 3240 (cnm
1023 3177 1051 3225 in
1075 3176 1266 3226 antecedentes

64 3278 161 3313 versus
180 3277 268 3312 errore
285 3263 368 3313 verba
384 3263 433 3312 illa
446 3263 601 3327 reciperet):
621 3278 692 3312 mare
704 3263 816 3326 reliquid
828 3269 955 3312 reuertere
974 3262 1010 3312 011
1023 3262 1147 3313 decimam
1164 3269 1265 3325 quater·

63 3353 168 3400 saionem
185 3349 344 3400 moriendum
356 3357 392 3400 est
405 3388 411 3401 .
426 3388 431 3399 .
445 3386 451 3400 .
470 3350 506 3414 (p.
521 3351 580 3412 274,
595 3349 648 3413 17).
667 3349 729 3399 aliis
741 3364 849 3415 qnoque
868 3348 935 3399 locis
947 3351 975 3398 in
988 3355 1011 3398 '1¹
1024 3350 1161 3400 turbatum
1175 3350 1266 3411 fnisse,

64 3439 223 3503 priusquam
241 3437 397 3502 bibliopega
414 3436 559 3486 fasciculos
577 3437 606 3485 in
631 3436 752 3486 ordinem
775 3437 917 3502 redigeret,
941 3436 1103 3501 easdemque
1127 3437 1219 3487 turbas
1238 3438 1265 3486 in

63 3526 200 3591 Brugensi
218 3524 311 3575 codice
328 3539 458 3590 apparere
476 3523 656 3588 Kiesslingius
674 3529 797 3585 testatur,
822 3524 894 3573 unde
913 3524 986 3573 hunc
1005 3523 1102 3573 librum
1128 3539 1160 3573 ex
1179 3530 1202 3573 '1¹
1222 3524 1265 3574 de·

65 3614 197 3678 scriptum
216 3626 275 3661 esse
293 3613 472 3676 cognoscitur.

172 3699 195 3763 ³)
215 3699 384 3764 Quamquam
402 3698 623 3764 Petscheniginm
642 3699 670 3747 in
687 3697 825 3748 codicibus
843 3698 1012 3748 excutiendis
1025 3714 1158 3765 perquam
1174 3699 1272 3747 sellen-

66 3792 121 3837 tem
140 3792 223 3852 atque
242 3787 418 3837 exercitatum
438 3801 496 3836 esse
514 3802 567 3836 000
586 3785 756 3853 ignorabam,
775 3793 871 3839 tamen
889 3788 1038 3840 nonnullis
1050 3787 1139 3848 loc'is,
1161 3786 1298 3843 obstupe·
