2760 4110
93 173 154 236 188
508 188 870 240 conraovrasmuvu
927 155 934 170 ’
1140 207 1165 256 p.
1186 191 1235 239 aar
1255 188 1288 239 ir.

45 347 68 410 4
89 345 188 410 libido
216 348 385 430 inrumpet.
417 345 542 431 prodite
565 345 644 409 mihi
669 346 773 410 fronte
800 348 834 410 in
861 369 954 410 omne
980 345 1174 410 lenocinium
1206 368 1289 410 com-

89 452 206 536 posita,
233 451 329 536 paulo
357 449 524 513 obscurius
552 472 649 534 quam
675 452 778 536 posita
805 459 896 514 veste
919 451 1041 534 nudae,
1070 453 1228 536 exquisito
1256 452 1289 514 in

90 577 199 619 omnes
222 555 355 619 facetias
379 577 536 638 sermone,
561 563 686 619 tantum
709 578 773 619 non
795 555 878 619 ultro
901 554 1114 638 blandientes,
1136 564 1181 637 ut,
1206 557 1289 639 quis-

89 660 159 744 quis
177 659 304 743 viderit,
328 682 393 724 non
415 668 537 724 metuat
559 658 734 724 accedere:
759 660 876 724 deinde
892 661 1062 744 miramini,
1086 661 1122 743 si,
1147 682 1221 722 cum
1243 668 1289 723 tot

88 767 286 847 argumentis
302 764 524 850 inpudicitiam
538 766 820 850 praescripseritis
845 764 941 848 cultu,
965 766 1105 848 incessu,
1128 786 1287 847 sermone,
1324 784 1340 830 5

88 867 182 951 facie,
210 867 324 953 aliquis
350 879 497 955 repertus
521 878 578 952 est,
606 871 661 953 qui
682 871 859 933 incurrenti
882 868 1048 933 adulterae
1071 890 1105 931 se
1129 890 1193 932 non
1217 866 1289 931 sub-

37 1014 40 1019 <
90 973 248 1037 duceret?
271 976 511 1058 internuntium,
535 984 621 1059 pute,
644 973 698 1037 illa
717 973 928 1037 sollicitatoris
943 971 951 1059 ΙΙ
967 976 1066 1058 arripi
1082 983 1114 1037 et
1130 971 1289 1036 denudari

49 1118 61 1139 ι
88 1079 189 1161 iussit,
212 1077 341 1162 flagella
364 1088 396 1142 et
416 1078 556 1142 verbera
580 1086 611 1141 et
634 1101 727 1142 omne
750 1101 852 1162 genus
881 1080 1041 1142 cruciatus
1070 1078 1228 1163 poposcit,
1255 1078 1289 1138 in

88 1181 201 1268 plagas
225 1183 388 1246 deterrimi
411 1185 552 1268 mancipi
573 1185 631 1246 vix
645 1182 887 1247 inbecillitatem
902 1182 1067 1246 muliebris
1083 1203 1197 1246 manus
1215 1203 1287 1244 con-

42 1285 189 1352 ttinuit.
219 1309 312 1350 nemo
341 1290 386 1350 sic
415 1298 588 1371 negantem
616 1289 732 1351 iterum
758 1296 860 1371 rogat.
890 1289 1036 1372 quotiens
1060 1286 1202 1350 absentis
1225 1287 1286 1349 viri
1310 1304 1340 1352 10

86 1413 203 1457 nomen
222 1392 414 1477 inploravit?
438 1393 594 1481 quotiens,
611 1391 697 1476 quod
713 1414 778 1455 non
792 1415 857 1455 una
879 1394 1150 1477 peregrinaretur,
1174 1400 1287 1476 questa

87 1497 159 1561 est?
184 1519 258 1560 cum
281 1519 343 1581 quo
367 1505 480 1580 questa
504 1496 563 1560 es?
592 1495 679 1581 apud
703 1519 800 1581 quem
822 1495 988 1580 indignata
1012 1496 1071 1560 es?
1100 1496 1231 1560 abunde
1255 1505 1286 1559 te

85 1604 120 1667 in
143 1610 368 1685 argumentum
391 1600 566 1686 pudicitiae
588 1600 807 1686 profecturam
828 1610 934 1686 putas,
958 1603 984 1663 si
1000 1610 1145 1686 stuprum
1162 1611 1286 1666 tantum

86 1709 271 1790 negaveris,
300 1705 387 1790 quod
414 1706 603 1791 plerumque
633 1707 729 1768 etiam
756 1705 1012 1790 inpudicissima,
1044 1728 1100 1791 spe
1127 1706 1286 1770 uberioris

87 1813 221 1898 praemi,
239 1811 279 1874 de
295 1810 451 1874 industria
468 1810 615 1874 simulat?
640 1810 768 1895 quando
786 1810 826 1874 de
842 1811 958 1874 iniuria
974 1820 1029 1874 tua
1044 1813 1113 1874 viro
1130 1814 1283 1895 scripsisti
1307 1827 1337 1874 15

86 1925 127 1998 et,
147 1938 188 1979 ne
208 1916 241 1978 in
261 1917 463 1978 occasionem
484 1915 593 1978 similis
613 1916 747 1979 iniuriae
764 1914 899 1978 solitudo
916 1924 971 1978 tua
986 1924 1120 2000 pateret,
1137 1917 1284 1979 maturio-

9 2088 15 2103 ,
83 2042 154 2086 rem
174 2010 319 2082 reditum¹
334 2020 476 2104 rogasti?
505 2029 537 2084 ct
557 2028 675 2105 quanto
701 2018 867 2083 decentius
891 2020 1115 2083 contumeliam
1137 2030 1283 2105 penetra-

173 2337 218 2382 GD
245 2336 257 2381 1
278 2331 353 2399 mihi]
379 2335 454 2382 tenui
477 2335 539 2395 Kar,
562 2335 616 2382 iani
638 2334 703 2396 Otto,
719 2335 786 2398 fort.
805 2331 965 2395 *mulierem
981 2335 1049 2397 fort.
1073 2334 1119 2384 del.
1143 2352 1194 2385 eece
1216 2352 1281 2386 cens.

85 2420 177 2471 Noortk
197 2420 205 2471 ’,
224 2420 339 2469 frontem
358 2420 420 2469 V²D
440 2418 447 2485 Ι
467 2419 556 2487 omne]
575 2427 634 2483 De3
653 2435 760 2470 omnem
780 2425 801 2470 0
819 2417 827 2487 ¹]
847 2422 1021 2486 compositam
1033 2427 1084 2469 VD
1104 2418 1112 2487 ]]
1132 2425 1146 2470 ‘2
1166 2423 1236 2472 undo
1254 2429 1281 2471 A

84 2508 156 2558 nude
174 2513 225 2556 BV
243 2504 251 2575 ]]
270 2509 404 2572 exquisita
422 2512 446 2557 0
464 2505 472 2576 ]]
491 2509 506 2555 3
525 2508 647 2557 facietias
660 2513 687 2556 V
704 2504 712 2575 ΕΙ
730 2505 846 2574 tantum]
861 2514 918 2570 Du3
938 2508 1048 2556 tandum
1063 2513 1083 2557 G
1101 2506 1109 2575 Ι
1129 2511 1243 2574 quisque
1257 2516 1280 2559 0

82 2613 149 2645 corr.
167 2591 230 2661 1³²]
249 2598 265 2644 4
284 2595 389 2644 uideret
406 2600 433 2643 A
456 2592 464 2661 ]]
484 2601 591 2644 metuat
610 2600 631 2644 c
649 2613 714 2644 corr.
727 2595 766 2643 V²
788 2590 796 2662 Ι
819 2597 834 2644 ὃ
853 2595 1036 2660 inpudititiam
1055 2601 1081 2643 V
1104 2593 1112 2662 ΙΙ
1135 2599 1280 2662 praescrip·

83 2680 180 2747 seritis]
202 2680 281 2746 Sclrp,¹
300 2681 613 2747 prae(preV)scripserit
631 2686 655 2731 0
679 2679 687 2749 ]
711 2682 832 2731 traciae
851 2688 877 2730 A
900 2679 908 2747 ,Ι
930 2687 1021 2747 raptus
1039 2688 1066 2730 A
1091 2696 1098 2749 ,2
1121 2682 1279 2750 incurrenti]

83 2771 138 2833 Ba,·
155 2771 300 2818 incurretia
318 2774 369 2817 AB
389 2771 537 2818 incurreret
555 2771 645 2818 retitia
664 2775 714 2817 VD
738 2766 746 2809 Ι
770 2771 783 2817 7
803 2775 869 2834 puta
887 2774 910 2817 B
929 2765 937 2835 ΙΙ
956 2767 1012 2834 illa]
1036 2769 1141 2831 Noctis,-
1160 2770 1228 2819 illud
1248 2775 1280 2832 Ο,

82 2857 161 2907 illum
187 2856 215 2906 0.
233 2857 305 2905 John
332 2854 339 2913 Ι
366 2854 557 2922 sollicitatoris]
582 2857 636 2917 Mt·
659 2855 812 2907 sollicitaris
835 2855 911 2921 (riae
929 2859 966 2921 D)
990 2861 1013 2906 O
1037 2856 1208 2906 sollicitantis
1230 2870 1250 2907 τ
1272 2856 1280 2879 '

82 2944 249 2995 Suerbaera
266 2948 293 2991 A
349 2945 381 2991 10
399 2945 477 2992 cerba
495 2959 573 2992 nemo
595 2982 600 2992 .
621 2982 626 2993 .
645 2983 650 2993 .
671 2950 755 3010 rogat,
779 2960 843 3007 quoe
861 2948 889 2994 in
908 2949 931 2994 O
951 2950 1009 2994 ante
1027 2960 1086 2993 cum
1105 2960 1158 3010 quo
1179 2947 1213 3006 (o.
1233 2948 1278 3006 12)

81 3034 206 3099 qurtrrtur,
226 3031 274 3079 huo
292 3033 449 3095 transposuit
468 3030 500 3079 R.
517 3030 679 3081 Wachrmutlr
697 3038 792 3094 quaeat.
812 3050 847 3082 cr.
866 3034 914 3095 10,·
932 3033 965 3096 cf.
986 3032 1058 3092 Rom,
1083 3035 1110 3081 iu
1133 3050 1184 3095 quo
1201 3036 1280 3082 verbu

82 3120 208 3186 quotiens
221 3119 308 3179 (alo)
320 3156 324 3167 .
337 3156 343 3169 .
355 3156 359 3166 .
371 3123 466 3183 questa
476 3133 503 3167 es
514 3120 549 3179 (v.
557 3120 602 3179 12)
612 3122 705 3168 emtam
714 3125 773 3168 crant
785 3116 793 3185 Ι
805 3120 827 3167 si
840 3120 877 3167 V¹
890 3116 898 3186 ]]
910 3119 1016 3184 rogabit
1028 3125 1052 3168 Ε
1064 3116 1072 3186 ΙΙ
1081 3125 1141 3184 pont
1153 3121 1280 3185 quotiens

81 3211 111 3258 in
129 3211 153 3257 0
171 3212 309 3269 reqrruntur
327 3204 399 3270 quod
412 3220 466 3253 non
479 3219 534 3253 una
546 3219 574 3254 re
587 3207 810 3270 peregrinaretur,
829 3223 893 3269 qrrae
911 3208 989 3255 verda
1002 3205 1048 3256 del.
1062 3206 1112 3267 A²;
1132 3208 1165 3270 cf.
1183 3207 1279 3257 Vahlen

80 3312 145 3345 mua.
158 3294 230 3343 rhen.
245 3296 286 3353 13,
299 3293 350 3340 557
369 3287 377 3355 ΙΙ
398 3294 427 3339 11
449 3292 587 3340 nonenim
604 3291 721 3357 plorauit
738 3298 765 3341 A
782 3288 791 3359 i]
810 3309 864 3342 non
876 3291 939 3358 una]
958 3293 986 3341 in
1000 3294 1089 3342 omnia
1101 3300 1125 3342 D
1144 3290 1152 3359 ]]
1171 3294 1278 3362 questa]

81 3382 187 3447 quesita
205 3386 231 3428 A
255 3380 377 3445 quaesita
398 3384 421 3427 B
444 3374 575 3447 quaesZta
597 3379 626 3443 (1
641 3378 719 3443 erar.)
740 3385 767 3428 V
790 3385 902 3444 quaesta
925 3386 949 3428 D
972 3376 980 3446 ]]
1006 3381 1036 3428 12
1056 3387 1115 3430 ante
1139 3397 1199 3430 cum
1224 3398 1277 3446 quo

82 3471 111 3518 in
129 3471 153 3517 0
171 3469 288 3532 leprrntnr
306 3481 384 3515 nemo
403 3503 410 3516 .
429 3504 435 3516 .
453 3504 459 3517 .
479 3471 555 3530 rogat
574 3468 608 3527 (v.
622 3468 668 3528 10)
687 3464 695 3533 ]]
713 3465 776 3533 quo]
796 3481 859 3532 ergo
877 3472 901 3515 D
920 3464 928 3531 ]]
947 3474 1059 3531 quaesta
1078 3472 1099 3516 G
1118 3466 1119 3473 ’
1141 3472 1218 3533 prius
1237 3469 1275 3536 es]

81 3560 122 3604 est
135 3557 158 3603 0
177 3551 185 3620 l]
199 3560 267 3618 posu.
280 3551 317 3620 es]
337 3558 378 3602 est
389 3552 452 3601 V²D
476 3550 478 3579 Ι
495 3552 621 3601 habunde
636 3552 709 3618 (dae
721 3556 757 3617 V)
772 3557 793 3602 0
810 3550 818 3619 ]]
839 3555 870 3603 13
883 3554 1026 3620 pudititiae
1039 3560 1065 3602 V
1109 3556 1275 3619 profuturam

80 3641 160 3707 (rum
173 3641 210 3705 D)
224 3646 275 3689 VD
293 3639 301 3705 Ιῖ
322 3642 353 3689 14
366 3640 614 3705 inpudicissimasc
632 3658 697 3690 corr.
710 3641 747 3688 V1
765 3637 774 3709 ]]
792 3656 839 3705 spe
851 3639 991 3707 uberioris]
1005 3648 1062 3704 Du3
1081 3658 1154 3707 spem
1172 3643 1276 3692 uberio-

79 3743 135 3778 rem
156 3733 176 3778 G
199 3725 206 3754 ¹
232 3731 262 3776 15
282 3726 392 3794 praemi]
413 3733 469 3791 Βῆ
488 3728 573 3793 premi
591 3733 618 3776 A
636 3729 714 3793 primi
732 3733 759 3776 V
776 3730 872 3794 premii
890 3735 914 3777 D
933 3728 941 3755 ⁵
967 3731 997 3777 16
1017 3727 1142 3795 iniuriae]
1160 3736 1218 3793 Dc3
1237 3733 1275 3780 in-

58 3810 135 3855 ima
156 3817 182 3857 0
207 3812 384 3865 ‘sollicitudo
404 3819 429 3865 0
443 3812 459 3883 ΙΙ
476 3817 510 3866 17
527 3813 656 3885 reditum]
675 3821 734 3881 DV]
752 3815 887 3882 perditum
906 3820 928 3865 G
