2760 4110
566 137 783 188 PRAEFATIO.
1107 129 1267 185 XXVIIII

67 293 151 357 liber
175 295 225 357 sit.
250 293 344 357 huius
367 293 486 357 codicis
509 293 662 357 lectiones
686 293 855 376 diligenter
878 316 987 357 omnes
1011 294 1172 359 adnotavi,
1208 318 1268 359 nec

68 407 179 462 tamen
202 397 341 482 reliquos
358 397 497 481 neglexi,
522 418 597 461 cum
620 407 652 460 et
675 398 839 482 complura
862 400 895 461 in
911 407 947 461 Μ
965 401 1116 482 perierint
1138 411 1170 463 et
1192 402 1268 463 satis

66 502 169 566 multa
200 503 233 564 in
262 511 298 564 M
326 524 496 586 perperam
528 503 647 586 scripta
677 524 718 565 ex
750 524 812 565 uno
843 502 894 564 vel
925 502 1024 565 altero
1055 506 1268 567 recentiorum

67 606 220 669 codicum
243 604 402 671 medelam
425 607 575 690 accipere
598 604 752 670 viderem.
782 628 986 690 quamquam,
1015 609 1041 669 si
1065 609 1134 690 quis
1158 629 1268 670 omnes

64 720 174 774 rectas
191 711 367 793 scripturae
382 710 544 793 vulgatae,
570 731 652 793 quac
669 708 792 791 (licitur,
817 709 969 773 lectiones
992 709 1139 774 codicum
1163 721 1268 774 aucto-

64 818 161 879 ritate
186 813 327 878 stabilire
351 823 493 899 cuperet,
518 836 581 877 non
604 816 699 898 pauci
722 812 850 877 codices
879 816 907 876 ei
936 813 1122 877 consulendi
1151 824 1266 896 essent,

65 930 157 983 certe
180 919 298 1004 plureS,
323 941 420 1003 quam
444 941 579 1003 quarum
601 919 710 981 variae
733 917 885 980 lectiones
909 941 983 981 cunr
1007 917 1138 981 utilitate
1162 919 1268 1003 legen-

63 1027 148 1088 tium
171 1021 402 1086 adnotarentur
424 1045 542 1086 omnes
571 1023 625 1085 via
648 1020 779 1106 quidem
802 1030 834 1084 ct
855 1023 977 1084 ratione
1002 1044 1053 1085 ars
1082 1024 1194 1085 critica
1222 1025 1267 1086 sic

63 1126 260 1213 procederet
281 1149 343 1190 nec
365 1135 473 1191 tamen
496 1126 568 1211 plus
591 1126 809 1210 proficeretur,
834 1149 932 1209 quam
955 1137 990 1189 ut
1013 1126 1138 1210 planius
1166 1128 1267 1209 ficret,

64 1231 98 1295 id
132 1230 220 1316 quod
249 1253 343 1294 nemo
376 1229 510 1312 dubitat,
541 1252 595 1293 eos
625 1231 711 1292 viros
742 1228 861 1311 doctos,
894 1252 1029 1314 quorum
1057 1229 1212 1293 industria
1235 1241 1266 1293 et

64 1334 173 1400 studio
189 1335 321 1418 vulgata
341 1337 511 1398 constituta
527 1343 585 1417 est,
603 1334 744 1397 consulte
757 1335 860 1418 egisse
877 1344 909 1396 et
923 1333 1011 1396 libris
1028 1356 1126 1396 manu
1142 1336 1266 1417 scriptis

64 1442 172 1526 potius
205 1462 301 1524 quam
330 1461 389 1502 sua
419 1440 574 1523 sapientia
597 1436 640 1500 ad
664 1448 890 1522 excerptorum
913 1437 1015 1500 verba
1039 1437 1268 1501 conformanda

65 1567 144 1608 usos
168 1566 248 1607 esse.
272 1553 308 1606 ut
330 1552 437 1606 autem
457 1541 550 1605 huius
566 1543 694 1625 generis
718 1541 865 1605 codicum
881 1553 995 1605 natura
1019 1551 1050 1605 et
1072 1542 1194 1606 indoles
1219 1565 1267 1605 co·

66 1657 288 1734 gnosceretur,
306 1646 424 1710 codicis
437 1655 463 1707 P
478 1645 630 1709 lectiones
645 1645 776 1730 ubique,
793 1644 946 1709 librorum
959 1657 1066 1709 autem
1078 1654 1139 1722 αβν
1152 1645 1267 1709 discre-

66 1754 196 1838 pantias
227 1774 285 1835 per
314 1773 369 1814 eas
399 1759 524 1813 tantum
554 1759 670 1834 partes,
703 1751 735 1811 in
767 1748 882 1832 quibus
907 1759 931 1810 Ο
954 1761 1009 1813 aut
1037 1749 1127 1813 deest
1150 1750 1265 1834 (praef.

66 1857 138 1919 libr.
163 1856 189 1938 I,
207 1855 249 1938 H,
265 1855 325 1937 HI,
341 1853 423 1938 ΠΠ)
447 1864 502 1917 aut
524 1856 558 1917 in
581 1855 852 1937 comparationem
875 1852 1021 1916 adhiberi
1044 1856 1155 1939 nequit
1179 1853 1266 1938 (cxc.

65 1960 137 2024 libr.
171 1959 231 2042 HI,
264 1958 341 2040 IIII,
372 1959 413 2041 V,
442 1957 500 2041 VI,
532 1957 646 2043 VHI),
679 1960 829 2042 proposui
864 1959 1032 2021 universas
1060 1958 1108 2043 (in
1138 1958 1267 2043 reliquis

65 2063 215 2150 partibus
237 2064 393 2148 potiorem
416 2084 527 2126 eornm
550 2063 740 2147 scripturam
765 2085 1031 2126 commemorasse
1047 2065 1122 2126 satis
1142 2062 1266 2146 habui).

66 2166 347 2249 adiudicandum,
372 2189 454 2251 quae
480 2167 676 2250 cognationis
691 2168 771 2229 ratio
788 2167 869 2230 inter
893 2177 1119 2251 excerptorum
1141 2165 1268 2229 codices

65 2270 258 2353 intercedat,
282 2292 343 2334 nec
366 2269 448 2334 hacc
468 2269 631 2333 sufficiunt
646 2292 706 2333 nec
723 2292 771 2350 ea,
797 2292 879 2354 quae
904 2294 945 2332 ox
969 2271 1038 2333 ahis
1061 2270 1148 2333 libris
1165 2270 1268 2333 electa

65 2376 118 2440 hic
134 2375 200 2438 illic
217 2373 328 2437 addidi
344 2372 488 2459 (plenam
500 2373 652 2437 adnotavi
667 2374 857 2458 scripturam
873 2397 931 2458 per
946 2384 1046 2437 totum
1062 2398 1136 2437 curn
1150 2374 1268 2437 librum

64 2479 120 2542 vel
135 2488 237 2542 totam
253 2501 325 2542 eam
334 2477 574 2562 praefationem,
592 2479 681 2540 cuius
694 2479 725 2540 in
739 2480 1005 2563 superscriptione
1019 2480 1136 2541 mentio
1149 2477 1268 2540 codicis

64 2584 156 2647 illata
180 2582 251 2668 est).
280 2581 391 2646 addita
414 2592 522 2646 autem
545 2604 585 2644 ea
608 2604 677 2645 csse
701 2604 825 2664 moneo,
849 2592 1001 2645 nontam
1024 2592 1058 2645 ut
1081 2605 1133 2645 ars
1157 2584 1267 2645 critica

64 2709 266 2773 magnopere
283 2686 501 2770 adiuvaretur,
518 2709 615 2771 quam
634 2695 670 2750 ut
684 2687 790 2770 imago
809 2686 969 2771 quaedam
982 2687 1095 2749 horum
1111 2686 1265 2750 librorum

65 2791 289 2875 exhiberetur,
307 2814 442 2876 qnorum
458 2801 493 2854 ut
509 2792 705 2874 cognationis
725 2792 809 2853 inter
824 2813 858 2853 se
874 2793 1010 2874 vestigia
1026 2789 1265 2874 dignoscuntur,

64 2899 112 2961 ita
137 2895 286 2959 diversae
310 2897 440 2979 originis
463 2897 555 2979 signa
579 2893 805 2979 comparent.¹)

66 3053 418 3119 (Gud.218)saec.xl111;
437 3053 470 3102 cs.
488 3052 580 3114 Ebert,
600 3052 786 3101 Bibliothecae
802 3051 1033 3114 Guelferbytanae
1053 3051 1157 3100 codices
1171 3051 1268 3100 Graeci

66 3147 95 3191 et
113 3141 207 3190 Latini
226 3138 329 3204 classici
349 3138 413 3203 (an
430 3138 735 3188 Handschriltenhunde
753 3144 816 3187 tom.
836 3139 875 3200 11,
893 3138 1002 3203 Lipsiae
1017 3135 1094 3199 1827)
1108 3153 1133 3201 p.
1149 3139 1266 3199 moseo.

65 3255 102 3263 -
120 3226 249 3289 Denique
273 3226 451 3275 commemoro
475 3224 540 3274 bibl.
559 3226 633 3274 univ.
652 3223 890 3289 Heidelbergensis
915 3239 991 3273 mser.
1011 3224 1109 3274 Salem.
1128 3224 1184 3272 Vll
1205 3225 1267 3284 1043

64 3312 133 3362 bibl.
158 3313 234 3361 univ,
257 3311 420 3362 Basileensis
445 3313 467 3360 F
490 3311 530 3361 IV
551 3314 595 3374 143
620 3311 684 3361 bibl.
708 3313 799 3376 regiae
818 3311 1001 3360 Berolinensis
1019 3326 1095 3360 mscr.
1113 3311 1190 3360 Diez.
1210 3310 1266 3358 Bo

66 3399 139 3466 (XV.
159 3398 250 3462 saec.).

175 3485 195 3550 ¹)
214 3484 257 3534 Ex
275 3486 316 3548 iis,
336 3498 405 3549 quae
423 3493 529 3550 praesto
549 3485 614 3534 mihi
632 3490 695 3534 sunt
713 3484 827 3534 aliorum
846 3485 968 3534 codicum
987 3484 1165 3533 recentiorum
1185 3482 1266 3533 colla-

66 3577 164 3636 tiones,
178 3571 257 3637 plura
269 3571 374 3621 adferre
386 3570 471 3634 nolui,
490 3587 525 3621 ne
538 3567 727 3637 ‘discrepantia
738 3568 895 3637 scripturae‘
908 3572 988 3620 nimis
1006 3577 1159 3635 augeretur.
1178 3585 1267 3634 neque

65 3661 197 3712 utilitatis
215 3657 330 3708 multum
347 3658 411 3708 inde
434 3660 494 3723 capi
517 3665 644 3722 possent
667 3664 852 3723 cognoscatur,
875 3658 922 3706 has
941 3672 1119 3706 commemoro
1138 3657 1266 3706 librorum

64 3749 273 3808 Vaticanorum,
292 3760 358 3809 quos
377 3744 515 3795 Carolus
533 3745 701 3795 Lehmann
720 3744 904 3794 Berolinensis
923 3745 1059 3808 excripsit,
1078 3744 1220 3794 lectiones:
