2760 4110
62 234 87 282 p.
107 219 159 267 aar
178 218 210 266 n.
565 217 633 267 Lus.
648 218 673 267 x
691 218 768 266 a-a.
1003 178 1008 197 ι
1203 198 1268 264 517

62 372 148 436 thius
164 371 286 455 aliquid
302 371 416 435 habuit
431 371 616 435 Promethei
633 372 736 436 similo
752 374 849 436 ctiam
864 370 873 458 l
889 382 965 437 ante
980 383 1148 438 tormenta.
1173 376 1269 458 ignis,

62 486 232 557 tormenta,
256 475 393 538 ferrum:
420 475 549 539 officina
572 475 655 540 haec
677 479 810 561 pictoris
833 500 876 540 an
899 477 1040 563 Philippi
1063 479 1133 542 est?

150 580 232 642 Pars
256 579 365 642 altera.
393 579 581 664 Numquam
603 582 698 644 unius
722 580 805 644 malo
828 579 960 665 publica
983 581 1070 645 fama
1094 585 1269 668 corrumpi-

61 694 130 766 tur3
163 683 293 747 solidior
317 693 365 747 est
388 685 493 767 opinio
517 682 781 767 Atheniensium,
810 707 907 769 quam
929 694 966 748 ut
994 685 1186 750 labefactari
1208 696 1270 751 tor·

24 811 42 856 5
62 791 180 851 mentis
205 789 324 872 captivi
348 788 457 872 possit.
491 787 628 851 ‘laesisti'
653 789 756 873 inquit
780 791 859 853 ‘rem
873 788 1049 874 publicam,
1073 789 1161 875 quod
1183 789 1269 854 hanc

61 896 223 979 picturam
238 895 272 955 in
287 891 406 976 templo
423 894 576 976 posuisti'.
601 891 735 956 laedunt
749 914 820 956 rem
835 891 999 977 publicam
1016 895 1071 979 qui
1087 893 1209 979 aliquid
1225 894 1270 959 illi

61 997 224 1078 auferunt,
249 1018 313 1059 nou
334 997 388 1079 qui
404 994 558 1059 adiciunt.
581 1005 804 1081 peecaverunt
819 1018 897 1080 ergo
913 997 1101 1082 recipiendo
1124 997 1270 1062 tabulam

62 1103 160 1164 ctiam
187 1098 381 1163 sacerdotes.
415 1122 473 1163 cur
500 1109 609 1164 tamen
636 1122 701 1164 non
727 1101 935 1185 reciperent?
972 1100 1108 1166 deorum
1136 1104 1271 1166 crimina

62 1206 96 1267 in
120 1204 247 1288 templis
271 1206 358 1288 picta
382 1213 463 1267 sunt.
496 1205 633 1269 multum
656 1226 785 1289 semper
807 1205 931 1269 artibus
954 1206 1057 1270 licuit:
1081 1206 1211 1289 medici,
1234 1216 1271 1270 ut

10 1330 43 1378 ιο
63 1310 129 1371 viui
152 1310 296 1391 ignotam
319 1308 423 1371 morbi
447 1318 692 1392 cognoscerent,
714 1311 842 1373 viscera
865 1309 1032 1373 hominurn
1053 1309 1268 1374 resciderunt.
1373 1346 1376 1351 ·

636 1550 693 1614 VI.

382 1708 455 1757 rvr
474 1707 687 1758 Accusarou
705 1708 947 1760 ruoorrroms.

190 1830 386 1892 Iniuriarum
410 1831 450 1891 sit
471 1831 564 1892 actio.
593 1830 728 1892 —Fur
752 1832 899 1893 contione
923 1830 1140 1915 prohibeatur.

194 1932 352 2015 Quidam,
381 1955 455 1996 cum
479 1932 612 1996 divitem
638 1933 828 2018 proditionis
855 1943 1056 2017 accusasset,
1084 1944 1182 1998 noctu

149 2040 307 2122 parietem
331 2039 398 2099 eius
421 2036 561 2121 perfodit
584 2046 616 2100 et
632 2040 796 2121 scrinium,
820 2040 933 2122 inquo
956 2040 1074 2102 missae
1091 2048 1183 2102 erant

150 2141 191 2204 ab
216 2141 362 2205 hostibus
385 2141 521 2225 litterae,
544 2142 679 2205 sustulit.
710 2141 881 2206 damnatus
905 2152 954 2207 est
977 2143 1078 2207 dives.
1108 2165 1182 2207 cunr

152 2247 328 2309 contionari
344 2243 442 2309 vellet
465 2255 646 2329 accusator,
670 2269 689 2309 a
705 2248 897 2330 magistratu
920 2245 1099 2331 prohibitus
1115 2248 1183 2331 agit

150 2352 349 2413 iniuriarum.

150 2453 190 2516 Id
214 2454 318 2516 solum
341 2454 464 2536 sustuli,
489 2453 576 2538 quod
599 2454 651 2517 sur
666 2453 856 2539 reliquisset.
881 2454 960 2518 nihil
974 2457 1078 2538 magis
1101 2454 1154 2518 fur
1169 2457 1270 2537 timui,

10 2576 43 2623 20
64 2580 162 2642 quarn
182 2580 223 2620 ne
241 2557 389 2621 dominus
409 2558 530 2621 furtum
551 2558 649 2622 nollet
667 2580 856 2642 agnoscere.
881 2568 1029 2622 ruentem
1051 2560 1189 2622 cisitatis
1210 2569 1271 2623 sta·

63 2672 132 2725 tum
154 2664 248 2724 unius
271 2663 402 2747 parietis
425 2664 519 2725 ruina
540 2662 717 2747 suspendit.
742 2663 895 2747 profiteor
914 2662 1085 2726 indicium:
1109 2663 1185 2726 furti
1207 2664 1273 2727 mei

63 2768 177 2829 civitas
202 2768 331 2828 conseia
355 2775 410 2828 est.
443 2765 565 2829 furtum
589 2775 650 2847 est,
675 2766 762 2850 quod
784 2768 875 2829 timot
899 2765 1047 2830 dominus
1070 2767 1271 2851 agnoscere?

62 2868 151 2955 quod
167 2870 221 2953 qui
237 2867 389 2954 perdidit,
406 2868 599 2954 supplicium
615 2869 696 2953 tulit,
719 2871 909 2954 praemium,
934 2871 988 2954 qui
1012 2869 1195 2955 subripuit?
1220 2873 1272 2934 cui

62 2975 167 3058 magis
194 2975 397 3058 permisisses
423 2972 528 3058 loqui,
560 2975 587 3036 si
615 2972 730 3038 eodem
758 2982 903 3058 tempore
931 2984 963 3038 et
991 2973 1044 3037 fur
1070 2977 1213 3039 venisset
1240 2984 1273 3039 et

151 3125 229 3179 MPd
252 3133 264 3178 1
284 3131 417 3196 promstei
435 3135 458 3178 P
476 3127 485 3197 ll
505 3131 520 3177 2
539 3127 625 3195 filippi
643 3135 675 3178 M
693 3127 701 3197 li
719 3132 735 3178 4
754 3130 973 3180 athenuiensium
993 3133 1082 3195 (partor.
1102 3148 1121 3180 n
1140 3131 1201 3193 del.)
1215 3137 1247 3181 M
1264 3130 1273 3199 ll

63 3223 94 3266 ut
114 3222 182 3281 (sap.
202 3223 213 3265 t
232 3216 332 3279 aliquid
350 3219 429 3278 eros.)
449 3222 481 3265 M
500 3212 541 3283 {16
561 3226 615 3266 tem
634 3217 677 3265 Μ1
695 3233 761 3265 corr.
781 3216 824 3265 Μ3
842 3216 933 3282 tenplo
952 3222 976 3266 P
997 3214 1006 3283 ll
1032 3219 1046 3265 7
1070 3217 1207 3268 sufferunt
1226 3213 1247 3268 d
1263 3216 1272 3287 fl

63 3305 181 3354 aditiunt
194 3309 217 3352 P
236 3300 244 3372 ll
262 3306 278 3353 8
292 3301 351 3371 eur]
364 3320 425 3353 cum
438 3301 482 3371 αβ
494 3300 502 3371 ll
515 3302 616 3371 tamen]
631 3298 651 3353 δ
664 3304 740 3365 (Bo),·
753 3311 844 3354 tamen
857 3306 937 3369 (eur)
949 3309 1004 3353 MP
1023 3312 1114 3354 tamen
1126 3302 1274 3373 <oum>oepff

63 3398 155 3440 autern
174 3406 192 3441 ν
214 3387 222 3459 ll
248 3393 279 3440 10
301 3393 396 3461 ignota
418 3396 442 3440 P
467 3387 475 3457 ΙΙ
498 3390 636 3440 roscidunt
654 3396 678 3440 P
700 3388 708 3458 li
734 3394 765 3440 14
788 3398 953 3442 accussasset
973 3394 1030 3454 (rec.
1050 3409 1062 3442 s
1080 3410 1145 3444 corr.
1164 3410 1197 3443 aa
1214 3408 1231 3444 a
1249 3398 1272 3444 et

64 3477 125 3539 del.)
145 3483 167 3526 P
191 3485 330 3527 accusaret
350 3473 370 3528 δ
387 3475 396 3545 ll
417 3479 447 3527 lo
467 3477 583 3542 perfodit
601 3480 621 3541 (i
639 3477 698 3526 rod.
718 3495 783 3528 corr.
802 3494 835 3528 cac
852 3480 881 3543 n)
901 3484 933 3528 M
950 3475 958 3546 ll
977 3480 1111 3528 somnium
1131 3475 1151 3529 d
1168 3476 1176 3547 Η
1195 3486 1273 3529 erant

64 3567 162 3614 missae
183 3563 290 3627 Scaeea;
309 3567 343 3629 cf.
353 3583 382 3630 p.
396 3568 485 3626 50034
502 3561 510 3631 ll
531 3566 562 3613 16
582 3564 684 3614 ostibus
703 3570 735 3613 M
752 3562 760 3631 Η
779 3565 855 3615 dares
875 3559 895 3614 δ
912 3561 920 3632 ll
941 3567 972 3613 17
991 3567 1146 3616 concionari
1166 3568 1243 3634 (poet.
1257 3583 1273 3616 c

63 3668 96 3701 ca
117 3658 128 3700 t
146 3655 285 3702 correxisse
297 3651 349 3702 eid.
364 3651 417 3714 Μ3)
432 3657 463 3700 Μ
480 3648 489 3718 ll
507 3658 650 3700 accusatur
662 3651 729 3700 M³1²
748 3650 756 3718 p
777 3651 808 3699 18
822 3652 947 3701 iniuriam
960 3651 1003 3700 Μι
1016 3669 1081 3702 corr.
1096 3652 1139 3701 M²
1156 3649 1164 3721 ll
1185 3656 1216 3703 19
1229 3653 1273 3704 fur

64 3736 153 3804 timui]
186 3736 284 3805 M1p'v3
313 3739 414 3787 furtum
438 3737 505 3786 M³P
527 3754 574 3787 oni.
599 3731 619 3788 δ
645 3734 654 3806 ll
681 3740 714 3787 20
737 3740 816 3788 cerba
839 3753 920 3804 quam
943 3753 978 3788 ne
1002 3738 1126 3788 dominus
1149 3757 1197 3789 ora.
1222 3735 1285 3802 (lh

64 3827 95 3873 21
109 3826 177 3887 fort
198 3823 347 3890 *suspendi
365 3824 418 3887 Mt·
437 3825 471 3888 cf.
486 3843 517 3890 p.
536 3827 598 3888 506,
617 3827 651 3875 13
669 3822 682 3895 ll
696 3820 870 3876 iudiciumd
