2760 4110
92 148 233 206 XXXVI
582 160 797 212 PRAEFATIO.

92 339 203 379 carum
225 325 350 380 tantum
372 317 566 380 mentionem
588 316 699 399 infero,
724 339 807 401 quae
822 319 950 382 maioris
965 320 1120 383 momenti
1137 319 1287 385 velcerte

91 431 220 505 praeter
243 429 366 483 ceteras
389 419 613 484 memorabiles
636 442 707 483 esse
729 420 807 484 mihi
829 420 988 486 videntur.
998 421 1023 507 ¹)

195 523 257 587 Ac
269 525 408 608 primum
431 522 700 587 declamationum
721 526 740 589 i.
758 547 785 588 e.
803 534 1029 610 excerptorum
1049 525 1138 591 liber
1157 527 1290 613 Neapoli

92 650 175 692 anno
193 626 310 713 14752)
326 626 443 711 prodiit
458 624 516 713 (ν),
537 627 661 691 medius
677 628 822 693 Senecae
837 629 1015 715 philosophi
1029 630 1187 714 operibus
1202 633 1290 697 inter·

91 734 220 818 positus.
244 768 287 778 -
310 731 532 795 suasoriarum
555 742 587 795 et
609 734 897 797 controversiarum
918 733 1000 817 libri,
1025 742 1057 799 et
1077 734 1141 799 hoc
1164 735 1291 821 quidem

92 837 213 919 ordine,
226 858 300 900 cum
311 835 562 920 praefationibus
573 835 806 919 librorumVII,
812 837 920 921 VIIII,
928 837 963 901 X
973 839 1113 922 primum
1128 838 1211 904 editi
1222 848 1293 905 sunt

91 942 279 1006 Venetiae
291 963 375 1004 anno
390 939 473 1003 1490
486 939 584 1024 (ch)
595 940 620 1025 3)
633 950 666 1003 et
676 942 790 1004 iterum
804 939 917 1027 1492⁴)
929 941 1038 1005 verbis
1050 941 1192 1009 Graecis
1204 945 1292 1017 omis,

92 1047 143 1109 sis.
164 1043 364 1129 praecedunt
379 1043 648 1107 ‘declamationes'
666 1066 739 1107 cum
755 1043 858 1107 isdem
873 1044 1135 1130 praefationibus,
1158 1070 1241 1133 quas
1259 1049 1291 1113 in

18 1208 21 1215 .
90 1149 303 1235 Neapolitana
319 1147 457 1212 editione
473 1149 577 1210 inesse
594 1146 662 1210 dixi
669 1147 711 1232 2);
727 1150 852 1232 septimi
867 1150 964 1233 igitur
977 1149 1051 1214 libri
1065 1151 1228 1234 praefatio
1242 1151 1292 1217 bis

90 1256 176 1340 typis
199 1275 354 1337 expressa
370 1252 539 1315 invenitur.
564 1251 764 1315 —Prorsus
787 1251 875 1316 idem
898 1251 1072 1318 dicendum
1095 1264 1145 1319 est
1169 1255 1213 1321 de
1229 1255 1292 1322 edi·

90 1359 175 1422 tione
198 1356 403 1419 Frobeniana
428 1352 559 1438 (drot),
589 1377 685 1439 quam
707 1355 856 1420 Basileae
884 1380 967 1421 anno
998 1357 1083 1423 1515
1104 1359 1292 1425 Erasmus

90 1459 323 1523 Roterodamus
336 1460 470 1540 curavit,
486 1459 546 1521 nisi
563 1458 649 1542 quod
663 1458 725 1522 hoc
739 1459 809 1523 loco
825 1462 987 1524 suasoriae
1003 1470 1038 1526 et
1050 1466 1291 1529 controversiae

90 1586 154 1626 uno
170 1573 279 1626 tenore
292 1562 541 1627 declamationes
553 1562 799 1647 subsequuntur,
816 1587 890 1628 cum
901 1566 935 1628 in
950 1563 1144 1631 editionibus
1154 1568 1292 1633 Venetis

92 1667 342 1731 declamationes
358 1691 378 1731 a
393 1669 541 1730 suasoriis
565 1677 598 1732 et
614 1670 835 1732 controversiis
851 1669 1011 1733 nonnullis
1027 1669 1175 1736 Senecae
1191 1672 1289 1757 philo-

90 1771 181 1856 sophi
204 1770 364 1856 opusculis
386 1780 584 1855 separentur.
616 1770 797 1835 Frcbenius
820 1781 928 1836 autem
950 1782 983 1837 et
1004 1775 1132 1858 septimi
1152 1774 1231 1841 libri
1258 1785 1290 1841 et

91 1875 207 1939 decimi
219 1874 450 1960 praefationem
465 1874 515 1938 his
530 1877 616 1961 typis
628 1878 795 1959 expressit.
808 1914 851 1922 —
864 1876 1014 1962 Sequitur
1028 1899 1068 1941 ea
1084 1877 1192 1963 editio,
1207 1902 1290 1965 quae

91 1979 212 2045 Ooelii
229 1979 398 2045 Secundi
414 1979 592 2044 Curionis
605 1979 857 2064 ‘vigilantissima
869 2004 947 2045 cura
959 1983 1125 2066 castigata'
1138 1984 1289 2050 Basileae

89 2086 175 2171 typis
198 2107 354 2169 expressa
376 2095 425 2148 est
448 2087 516 2168 ‘per
534 2085 689 2148 Ioannem
704 2085 905 2169 Hcrvagium
920 2095 953 2149 et
966 2086 1173 2152 Bernardum
1186 2089 1288 2154 Bran·

91 2189 168 2252 dum
196 2211 280 2252 anno
311 2187 420 2252 salutis
452 2188 612 2252 humanae
636 2188 802 2253 MDLVII
832 2211 942 2253 mense
964 2189 1121 2274 Augusto'
1155 2191 1288 2279 (Hero).

197 2382 216 2447 ¹)
235 2382 276 2432 Ad
295 2389 400 2432 textum
413 2381 630 2431 constituendum
644 2382 776 2431 auxilium
794 2383 892 2432 frustra
910 2384 996 2448 petivi
1007 2398 1024 2434 a
1036 2384 1162 2435 versione
1174 2384 1289 2449 Gallica,

90 2471 135 2519 cui
157 2469 202 2518 hic
226 2469 323 2518 titulus
346 2468 479 2533 praefixus
504 2475 556 2517 est:
575 2469 628 2518 Les
651 2475 836 2519 controversas
855 2476 882 2518 et
900 2470 1032 2520 suasoires
1050 2470 1084 2520 de
1101 2470 1138 2521 M.
1158 2473 1289 2524 Annaeus

90 2557 201 2618 Seneca,
220 2557 337 2607 rheteur.
356 2557 399 2605 De
418 2555 446 2605 la
464 2556 616 2605 traduction
635 2556 669 2604 de
687 2557 722 2605 M.
742 2556 890 2605 Mathieu
914 2557 951 2607 de
970 2556 1119 2620 Chalvet,
1143 2560 1289 2611 conseiller

88 2644 124 2693 dn
143 2660 191 2708 roy
210 2658 245 2693 en
262 2659 311 2692 son
334 2642 435 2692 conseil
461 2642 564 2705 d'estat
588 2649 615 2691 et
638 2639 774 2707 president
797 2658 825 2692 es
850 2648 994 2707 enquestes
1016 2643 1053 2692 du
1075 2644 1231 2708 parlement
1254 2647 1287 2697 de

89 2729 237 2780 Toulouze.
257 2733 278 2778 A
297 2730 373 2779 Paris
392 2729 425 2778 de
443 2729 625 2794 l’imprimerie
648 2730 681 2778 de
699 2730 800 2779 Michel
824 2731 959 2796 Blsgeart,
983 2730 1143 2782 dementant
1165 2747 1203 2783 su
1221 2734 1288 2785 bont

91 2817 126 2865 du
146 2816 301 2877 Pom-neus,
320 2831 356 2866 au
374 2818 435 2866 coin
454 2817 487 2866 de
506 2816 533 2866 la
551 2821 599 2865 rue
617 2815 742 2866 Daufine.
761 2816 971 2867 M.D0.XLVII.

194 2902 214 2967 2)
225 2899 288 2952 ‘Sub
301 2903 410 2953 domino
424 2902 514 2952 Blasio
527 2904 642 2953 Romero
656 2903 788 2952 monacho
802 2903 928 2968 Populati
940 2903 1100 2970 philosopho
1113 2919 1146 2954 ac
1159 2906 1288 2974 theologo

88 2989 190 3040 celebri
208 2995 249 3040 est
267 2991 425 3054 impressum
443 2990 495 3040 hoc
514 3005 581 3055 opus
599 2992 627 3038 in
641 2991 751 3040 civitate
764 2990 891 3055 Neapolis
904 3006 975 3040 anno
988 2991 1090 3041 domini
1102 2992 1286 3045 MLXXllIll

89 3078 147 3138 (sic)
172 3077 233 3126 divo
258 3077 429 3127 Ferdinando
452 3074 600 3142 regnante’
626 3077 654 3126 in
677 3078 770 3141 spatiis
792 3079 886 3127 vacuis
909 3078 1007 3127 desunt
1030 3078 1138 3128 litterae
1159 3080 1287 3143 initiales

88 3165 238 3213 universae.
259 3178 291 3212 ex
315 3163 366 3213 hae
385 3163 504 3212 editione
522 3165 643 3228 principe
666 3163 815 3228 descriptus
839 3165 936 3214 iterum
955 3160 1191 3216 ‘declamationum
1210 3163 1287 3218 liber'

89 3250 229 3316 evolgatus
253 3256 294 3301 est
312 3251 427 3300 Tarvisii
445 3265 516 3299 anno
543 3252 609 3300 1478
633 3247 796 3314 (impressus
825 3266 873 3315 per
895 3252 1062 3301 Bernardum
1085 3251 1119 3302 de
1142 3250 1285 3320 Colonis').

88 3339 116 3386 in
135 3344 250 3401 utraque
269 3337 388 3386 editione
406 3336 585 3402 praefationes
604 3337 731 3387 librorum
752 3339 774 3400 1,
788 3338 826 3400 11,
839 3338 891 3399 111,
905 3339 974 3401 1111,
986 3338 1042 3388 VII
1054 3338 1192 3404 leguntur,
1211 3355 1285 3405 prae·

87 3424 203 3474 sationes
221 3424 349 3473 librorum
369 3426 434 3473 noni
453 3429 487 3472 et'
499 3424 597 3473 decimi
614 3425 858 3474 controversiarum
877 3425 981 3475 desunt.

193 3511 213 3575 ³)
232 3507 375 3574 ‘Impressa
398 3516 438 3559 est
456 3510 578 3560 Venetiis
601 3525 649 3574 per
667 3511 864 3561 Bernardinnm
887 3512 921 3561 de
944 3511 1077 3563 Cremona
1099 3517 1127 3562 et
1147 3512 1284 3565 Simonem

88 3597 121 3646 de
139 3597 228 3647 Luero
248 3597 291 3646 die
312 3598 359 3647 .V.
380 3598 495 3647 octobris
514 3595 700 3647 MCCCOXC.'

192 3685 213 3747 ⁴)
232 3680 376 3748 ‘Impressa
394 3691 434 3734 est
444 3684 567 3734 Venetiis
584 3684 783 3735 mccccxcu
802 3685 846 3735 die
862 3685 958 3736 ultima
976 3686 1092 3736 octobris
1111 3702 1159 3752 per
1170 3688 1284 3739 Bernar-

88 3770 181 3819 dinnm
199 3770 233 3820 de
251 3770 327 3820 Coris
345 3772 379 3822 de
397 3769 548 3821 Cremona?
