2760 4110
86 147 215 205 XXXX
575 155 790 205 PRAEFATIO.

86 323 184 395 tinas,
209 322 292 398 quae
315 335 335 376 a
357 313 433 375 viris
461 309 562 374 doctis
584 309 647 374 hac
671 318 775 374 aetate
798 311 980 394 propositae
1003 319 1086 391 sunt,
1111 311 1180 372 iam
1202 309 1283 393 prius

87 416 129 480 ab
153 416 221 480 aliis
237 416 339 479 factas
363 438 433 479 esse
448 414 601 498 intellexi,
625 435 731 498 neque
756 412 927 478 defuemmt
941 412 1012 496 loci,
1037 434 1176 498 quorum
1199 421 1285 476 recta

88 523 257 607 scriptura,
282 520 411 606 qualem
432 521 626 584 recentiores
650 520 888 602 constituerunt,
911 520 977 582 iam
997 519 1030 581 in
1052 526 1167 582 vetere
1183 516 1285 601 aliquo
1329 574 1331 587 ,

91 625 201 689 codice
230 634 363 688 extaret.
395 626 503 709 itaque
535 646 608 687 cum
639 624 709 708 quis
740 645 797 686 suo
830 624 958 706 iugenio
991 623 1154 706 scriptoris
1187 619 1287 684 verba

87 732 132 793 ita
155 738 350 810 correxerat,
373 738 408 792 ut
430 736 541 812 postea
563 729 596 790 iu
618 748 681 790 uuo
697 726 750 789 vel
771 726 869 790 altero
884 726 965 790 libro
982 734 1154 789 exaratum
1169 725 1287 805 inveni,

87 855 204 897 nomeu
219 831 301 895 illius
317 833 408 895 uncis
426 830 584 895 inclusum
600 829 642 895 ad
659 852 769 894 eorum
781 829 928 894 codicum
941 831 1286 908 commemorationem,

89 958 223 1021 quorum
245 937 423 1001 testimonio
446 935 528 999 illius
550 936 733 999 coniectura
756 935 945 998 confirmata
960 942 1017 1017 est,
1041 931 1197 1017 adposui,
1220 931 1288 996 reli·

89 1042 158 1125 quis
188 1039 265 1104 locis
295 1063 394 1104 uuum
426 1039 656 1104 emendationis
688 1047 852 1102 auctorem
880 1039 1043 1102 nominavi
1074 1059 1158 1119 eum,
1193 1058 1288 1122 quem

88 1145 226 1229 primum
261 1144 361 1208 fuisse
400 1165 634 1227 cognoveram,
671 1163 912 1227 nonnumquam
950 1141 1079 1218 alterius
1118 1139 1288 1205 cuiusdam

88 1270 205 1312 nomen
234 1250 311 1312 item
340 1249 424 1311 intra
452 1269 552 1310 uncos
582 1248 719 1331 positum
754 1237 1016 1329 commemorans,
1050 1267 1146 1331 quem
1174 1246 1287 1330 prioris

90 1353 292 1415 coniecturae
314 1352 459 1414 notitiam
474 1373 538 1414 non
556 1350 708 1414 habuisse
723 1351 792 1414 veri
809 1350 909 1414 simile
926 1372 996 1414 esse
1011 1349 1089 1414 mihi
1103 1347 1285 1413 videbatur.

90 1464 233 1517 ceterum
254 1453 478 1536 Kiesslingius,
510 1456 563 1539 qui
587 1454 804 1538 compluribus
833 1452 911 1517 locis
944 1453 1078 1517 duorum
1100 1453 1154 1517 vel
1181 1455 1286 1534 trium,

89 1559 166 1642 quin
202 1559 298 1620 etiam
333 1566 482 1642 quattuor
517 1556 759 1621 emendatorum
794 1559 924 1621 nomina
954 1566 1169 1642 componeret,
1201 1565 1287 1621 recte

89 1662 174 1743 fecit,
199 1659 327 1746 quando
351 1659 480 1745 quidem
502 1684 587 1725 nova
610 1670 665 1725 aut
688 1684 746 1725 sua
761 1670 817 1725 aut
832 1661 965 1725 aliorum
981 1660 1189 1745 evolgaturus
1207 1669 1287 1725 esset

88 1767 230 1847 iuventa,
262 1786 397 1850 quorum
423 1768 560 1849 nomina,
592 1788 633 1829 ne
660 1767 833 1850 iniquitatis
857 1768 978 1830 crimen
1001 1765 1132 1848 subiret,
1163 1765 1286 1829 silentio

90 1870 265 1954 praeterire
297 1870 326 1932 ei
352 1891 416 1933 non
437 1868 534 1934 licuit.
564 1892 628 1954 qua
654 1871 687 1934 in
709 1893 744 1933 re
768 1870 952 1955 exemplum
976 1871 1042 1933 eius
1065 1879 1196 1934 secutus
1221 1890 1288 1933 sum

91 1981 187 2056 atque
210 1973 306 2036 etiam
328 1973 365 2035 iis
392 1972 480 2055 lociS,
512 1995 589 2057 quos
612 1975 657 2037 ita
688 1982 847 2037 correctos
878 1996 948 2037 esse
979 1971 1287 2053 animadvertebam,

92 2087 212 2141 utnon
235 2079 329 2141 totius
353 2079 530 2163 scripturae
554 2076 692 2141 eandem
716 2079 945 2142 correctionem
972 2077 1079 2162 plures
1101 2075 1288 2141 viderentur

92 2179 380 2263 commendavisse,
416 2180 475 2245 sed
510 2182 563 2245 alii
591 2183 625 2244 in
656 2181 789 2245 aliorum
825 2181 1100 2245 emendationibus
1136 2179 1288 2244 nonnulla

90 2285 209 2348 leniore
233 2287 408 2349 mutatione
429 2283 573 2348 adhibita
594 2286 710 2348 rectius
734 2285 979 2367 conformarent,
1003 2308 1052 2367 ea,
1076 2305 1160 2369 quae
1182 2285 1288 2348 Kiess·

90 2389 205 2473 lingius
230 2387 450 2471 adnotaverat,
473 2390 506 2452 iu
521 2388 607 2452 hanc
628 2388 799 2453 editionem
818 2389 972 2453 transtuli.
997 2412 1057 2474 ego
1078 2397 1197 2471 autem,
1216 2385 1288 2474 quid

92 2492 222 2577 singulis
254 2491 440 2576 deberetur,
476 2492 583 2577 quoad
613 2495 680 2556 eius
715 2494 784 2557 fieri
814 2503 948 2578 poterat,
978 2492 1120 2558 indicavi
1153 2514 1288 2578 cumque

92 2597 230 2682 plurium
256 2598 385 2660 nomina
416 2599 674 2678 commemoravi,
705 2619 815 2660 omues
845 2599 878 2661 in
909 2596 1047 2661 eandem
1074 2598 1289 2661 coniecturam

91 2698 241 2763 incidisse
274 2699 416 2784 intellegi
446 2700 605 2764 volebam.
638 2710 734 2785 atque
769 2703 852 2786 ipse,
890 2703 943 2785 qui
973 2700 1088 2765 multos
1122 2723 1228 2765 annos
1260 2701 1289 2762 in

92 2803 237 2868 Senecae
260 2804 395 2868 rhetoris
418 2806 542 2889 scriptis
567 2803 777 2870 emendandis
792 2827 924 2889 operam
940 2814 972 2869 et
985 2804 1177 2869 industriam
1200 2805 1288 2869 eollo

94 2910 174 2990 cavi,
200 2910 275 2973 satis
298 2931 450 2993 magnam
474 2911 729 2974 coniecturarum
744 2909 979 2974 multitudinem
995 2911 1151 2993 congessi,
1176 2909 1288 2995 quibus

92 3012 251 3076 nonnullis
267 3022 353 3076 certe
368 3013 446 3076 locis
458 3012 619 3077 medelam
631 3012 751 3077 adferri
767 3012 980 3078 confidebam.
1005 3036 1088 3099 quae
1103 3035 1145 3077 ne
1161 3012 1288 3099 quando

93 3116 169 3180 mihi
192 3118 460 3201 praeriperentur,
484 3119 596 3181 timere
620 3119 721 3203 coepi,
745 3141 818 3182 cum
848 3120 972 3202 priores
994 3116 1123 3182 Aemilii
1146 3117 1288 3182 Thomas

94 3218 234 3284 schedae
258 3222 387 3284 criticae
411 3219 516 3284 editae
540 3231 656 3304 essent,
681 3221 796 3306 quibus
820 3222 993 3306 complura,
1018 3243 1100 3307 quae
1119 3222 1190 3306 ipse
1204 3224 1288 3286 inve

93 3347 216 3406 ueram,
240 3334 295 3388 aut
319 3324 432 3389 eodem
447 3325 542 3389 modo
558 3336 613 3390 aut
629 3326 771 3390 similitor
787 3327 985 3391 conformata
999 3325 1075 3390 vidi.
1100 3347 1201 3411 quare
1218 3347 1288 3391 cum

94 3429 235 3492 indicem
266 3452 411 3493 mearum
443 3431 697 3494 coniecturarum
727 3433 830 3494 amico
861 3430 989 3495 cuidam
1015 3429 1231 3514 tradidissem,
1258 3438 1290 3493 ut

94 3532 155 3614 illc,
180 3534 205 3595 si
229 3535 299 3617 quis
329 3532 463 3618 posthac
494 3532 632 3597 candem
661 3534 830 3599 lectionem
860 3543 1061 3619 proponeret,
1092 3556 1144 3598 me
1172 3532 1206 3597 id
1229 3537 1289 3599 iam

94 3648 190 3700 antea
212 3637 331 3701 vidisse
362 3637 438 3701 mihi
470 3647 557 3701 certo
587 3640 676 3701 tostis
700 3648 793 3721 essct,
826 3649 858 3702 et
880 3641 1003 3702 sincero
1027 3639 1132 3703 animo
1156 3647 1188 3703 et
1212 3640 1289 3703 iusto

93 3743 161 3804 iure
185 3741 336 3823 stellulas,
361 3739 475 3825 quibus
498 3764 591 3805 meae
615 3741 807 3806 denotantur
836 3742 1085 3825 emendationes,
1116 3743 1163 3807 ibi
1192 3744 1290 3828 posui,
