2760 4110
623 199 749 252 INDEX.

83 365 232 432 Verginia
249 367 291 426 58,
304 367 346 414 66.

85 472 200 528 Verres
213 471 255 538 (Ο.
269 467 377 532 Verres)
392 468 450 528 291,
466 466 510 528 12,
530 464 659 530 proscrip-

122 567 165 610 tus
187 559 291 608 fortiter
313 555 394 620 periit
418 553 528 613 6661,
551 549 660 600 Asinius

122 647 210 697 Pollio
238 659 299 695 eum
330 642 474 693 fortissime
501 640 660 688 morientem

123 732 233 783 tradidit
251 732 310 792 671,
329 731 374 790 13,
394 726 533 778 Ciceronis
551 726 579 773 in
598 738 660 774 eum

123 811 660 880 orati0544,11;Oiceronisreus571,l3.

86 922 181 977 Vesta
201 924 247 984 43,
268 923 308 970 14.
337 922 384 981 45,
405 920 444 967 12.
469 917 577 980 46,16.
602 915 661 975 232,

123 1013 147 1061 9.
166 1009 336 1072 264,10.12.
359 1008 419 1068 292,
438 1007 485 1069 22,
503 1008 589 1054 616161
602 1003 661 1062 232,

126 1100 151 1161 1,
168 1099 226 1147 6161
240 1095 370 1161 templum
382 1095 441 1156 231,
451 1094 484 1142 22
494 1091 539 1156 (61.
552 1091 611 1152 293,
626 1089 661 1153 1).

87 1199 222 1256 Vestalis
240 1202 316 1265 virgo
336 1199 395 1259 264,
414 1199 438 1247 2.
452 1199 475 1246 3.

88 1302 197 1360 Vibius
210 1304 316 1369 (Vibius
329 1301 443 1365 Gallus).
463 1301 527 1350 Fuit
539 1305 594 1350 tam
608 1313 662 1349 616-

125 1407 195 1457 gnae
208 1390 272 1441 olim
290 1389 462 1455 eloquentiae
475 1402 555 1453 quam
569 1391 663 1452 postea

125 1479 255 1538 insaniae,
273 1477 318 1526 cui
330 1477 381 1525 hoc
400 1475 499 1525 accidit
510 1475 567 1535 uni,
585 1478 616 1522 ut
634 1474 663 1521 in

123 1565 257 1614 insaniam
280 1577 334 1612 non
363 1577 427 1612 casn
451 1560 591 1622 incideret,
617 1559 664 1609 sed

125 1651 225 1700 iudicio
253 1650 420 1714 6611661161,
447 1663 509 1698 6616
533 1648 597 1697 dum
623 1649 663 1696 in·

124 1753 203 1787 sanos
215 1737 344 1798 imitatur,
363 1736 426 1786 dum
439 1735 604 1784 lenocinium
623 1734 663 1782 16-

126 1825 200 1889 genii
222 1824 341 1873 furorem
364 1828 451 1887 putat,
475 1820 547 1885 quod
566 1820 665 1869 cotidie

125 1909 270 1961 simulabat
282 1908 316 1958 ad
329 1922 422 1957 verum
436 1906 540 1972 redegit
559 1909 622 1968 121,
635 1907 664 1972 6,

126 1997 336 2047 66611616111661
345 1999 452 2060 postero
458 1993 510 2054 die,
517 2007 597 2057 qnam
609 1997 666 2043 erat

125 2099 142 2134 a
163 2082 284 2132 Fabiano
308 2081 394 2142 dicta,
421 2079 583 2130 declamavit
607 2081 667 2140 121,

127 2173 173 2231 11,
195 2168 281 2219 multa
298 2168 414 2218 facunde
433 2167 591 2232 explicavit,
610 2184 666 2217 cor·

126 2257 231 2320 ruptius
245 2270 325 2319 quarn
339 2243 488 2315 Fabianus,
502 2254 549 2304 sed
561 2254 668 2304 dulcius

129 2344 187 2403 121,
203 2344 246 2403 17,
265 2341 412 2405 improbam
425 2341 492 2392 dixit
505 2343 667 2392 sententiam

126 2429 186 2489 317,
199 2430 240 2477 20.

181 2513 337 2566 Seucotioe:
360 2517 406 2578 20,
432 2518 470 2565 17.
495 2518 542 2577 46,
567 2519 607 2565 23.
626 2518 668 2577 52,

130 2604 169 2651 17.
198 2604 258 2663 110,
278 2605 301 2651 9.
329 2604 391 2662 177,
409 2603 434 2650 8.
460 2603 580 2662 31216.
607 2603 667 2663 341,

130 2693 169 2738 11.
196 2690 298 2751 375,1.
325 2690 427 2748 423,1.
452 2688 511 2749 467,
525 2688 549 2736 6.
569 2688 629 2748 481,
643 2688 667 2736 9.

184 2775 297 2826 Colores:
318 2775 375 2835 121,
396 2775 436 2824 17.
462 2775 521 2836 317,
541 2774 582 2823 20.
607 2775 667 2837 391,

129 2863 152 2910 6.
178 2864 237 2923 392,
256 2864 280 2911 4.

94 2963 201 3018 Vibius
221 2966 328 3030 (Vibius
345 2965 452 3029 Rufus).
471 2964 582 3015 Sordide
600 2964 669 3014 dixit

128 3055 171 3114 42,
189 3055 219 3114 6,
238 3052 373 3102 subtiliter
391 3052 459 3101 dixit
477 3053 519 3113 62,
539 3053 583 3116 18,
602 3055 668 3113 6161,

129 3141 176 3206 qui
195 3141 307 3203 antiquo
326 3154 426 3205 genere
447 3139 549 3189 diceret
566 3140 626 3200 393,
639 3138 668 3200 8,

129 3228 201 3278 116116
220 3228 301 3277 cessit
319 3228 496 3276 61166166116
514 3225 669 3275 sordidioris

131 3321 211 3365 notae
224 3316 283 3376 393,
296 3315 325 3377 9,
345 3315 403 3363 6161
420 3314 581 3363 sententiam
600 3313 669 3361 eius·

131 3403 190 3452 dem
203 3403 310 3468 generis
323 3400 489 3466 (sordidioris
502 3398 604 3463 notae),
623 3397 670 3446 sed

131 3505 185 3539 non
205 3489 325 3539 eiusdem
344 3503 484 3538 successus
502 3493 593 3536 tamen
612 3484 669 3533 Asi·

131 3578 192 3626 nius
211 3576 299 3626 Pollio
319 3590 348 3625 se
366 3576 486 3638 recipere
504 3572 670 3634 6161161393,

134 3667 179 3725 14,
198 3664 256 3713 eius
274 3663 436 3713 sententiam
455 3661 609 3725 obiurgavit
622 3658 671 3708 Oe·

132 3752 199 3800 etius
217 3751 278 3812 427,
291 3751 336 3810 20,
355 3748 406 3797 hoc
425 3747 516 3797 661616
534 3748 599 3812 egit,
617 3761 670 3810 quc

132 3838 224 3886 Mento
243 3837 283 3897 89,
302 3838 349 3899 21,
366 3835 531 3887 sententiam
552 3835 612 3886 eius
631 3849 674 3885 co·

138 3926 219 3965 Seneca
233 3926 315 3972 rhetor.

1220 173 1284 239 effi

749 356 833 406 lorem
847 355 963 405 actionis
975 367 1033 404 esse
1051 350 1141 402 aiebat
1152 349 1286 400 Votienus

750 444 809 504 390,
827 444 850 490 4.

804 526 962 578 Sententiae:
975 527 1016 588 22,
1033 527 1058 575 3.
1072 526 1113 586 77,
1129 526 1151 573 1.
1172 525 1231 585 106,
1244 523 1286 572 20.

752 618 817 678 141,
835 617 859 667 9,
886 614 1009 676 299,17.
1036 612 1156 673 382,17.
1183 611 1242 671 398,
1261 611 1286 658 2.

750 705 810 765 416,
831 703 871 751 15.
896 701 956 762 607,
976 701 1000 749 6.

806 788 918 838 Oolorca:
942 788 989 849 42,
1012 788 1037 836 5.
1062 787 1108 846 43,
1131 785 1156 832 3.
1180 784 1227 844 66,
1248 783 1286 831 19.

750 877 793 938 56,
812 876 891 924 812.
916 875 959 936 62,
980 873 1019 921 18.
1042 872 1084 934 89,
1103 871 1145 918 21.
1169 869 1226 930 122,
1246 869 1287 916 20.

752 963 811 1025 147,
831 962 871 1010 16.
899 960 956 1021 182,
969 960 994 1008 8.
1014 959 1073 1020 390,
1085 959 1110 1007 4.
1129 956 1287 1017 393,9.11.

751 1048 1016 1111 166666

716 1133 823 1189 Vieter
841 1151 866 1184 v.
886 1132 1027 1183 Statorius.

715 1219 852 1275 Vinicius
862 1221 903 1283 (L.
913 1217 1047 1282 Vinicius)
1060 1217 1091 1266 L.
1101 1216 1202 1265 Vinicii
1214 1223 1290 1280 pater

754 1309 875 1371 173,14,
900 1307 946 1356 bic
969 1310 1009 1355 est
1031 1305 1062 1354 L.
1081 1302 1217 1365 Vinicius,
1236 1317 1289 1366 quo

752 1410 831 1445 nemo
859 1394 926 1443 civis
955 1392 1093 1442 Romanus
1122 1391 1151 1437 in
1178 1387 1290 1454 agendis

753 1483 840 1532 causis
852 1480 1022 1546 praesentius
1033 1476 1128 1526 habuit
1137 1476 1289 1540 ingenium:

753 1567 884 1635 quidquid
902 1567 984 1631 longa
1003 1563 1130 1629 cogitatio
1148 1561 1196 1611 alii
1214 1574 1289 1625 prae·

752 1662 855 1706 statura
868 1660 933 1715 erat,
947 1654 973 1702 ei
982 1652 1068 1717 prima
1080 1648 1195 1699 intentio
1207 1647 1291 1696 animi

752 1743 847 1804 1161161,
871 1755 905 1791 ex
928 1745 1049 1802 tempore
1068 1750 1163 1786 causas
1185 1735 1291 1800 agebat,

752 1831 800 1880 sed
818 1844 873 1878 non
890 1825 1059 1877 desiderabat
1075 1823 1146 1872 hanc
1159 1835 1291 1871 commen·

753 1918 898 1976 dationem,
911 1919 942 1962 ut
951 1927 986 1962 ex
998 1917 1118 1975 tempore
1128 1922 1209 1974 agere
1218 1907 1292 1957 11116·

753 2009 835 2054 retur.
858 2001 942 2051 11666
967 1998 1106 2063 eleganter
1128 1995 1197 2045 dixit
1215 1994 1292 2043 divus

754 2090 907 2155 Angustus:
924 2083 1096 2137 ‘L.Vinicius
1109 2082 1249 2147 ingenium
1264 2082 1292 2129 in

755 2179 895 2226 numerato
905 2170 996 2223 habet'
1004 2173 1061 2233 174,
1069 2173 1115 2230 16,
1125 2168 1240 2218 Fabiani
1250 2181 1292 2217 co-

755 2263 840 2314 lorem
849 2259 929 2311 valde
943 2257 1066 2325 probavit
1077 2257 1183 2316 17314,
1200 2255 1258 2316 174,
1268 2254 1292 2302 9.

721 2347 857 2406 Vinicius
871 2347 913 2411 (L.
923 2343 1055 2407 Vinicius)
1068 2342 1099 2390 L.
1110 2340 1210 2390 Vinicii
1223 2339 1294 2389 tilius

758 2439 816 2499 173,
830 2436 871 2485 14.

720 2521 858 2578 Vinicius
869 2521 911 2586 (Ρ.
918 2517 1052 2582 Vinicius)
1061 2515 1209 2566 Votienum
1218 2513 1294 2564 Mon·

756 2618 849 2660 tanum
873 2606 1011 2658 accusavit
1028 2602 1099 2670 apud
1119 2602 1260 2652 Caesarem
1278 2615 1295 2650 a

756 2697 863 2747 colonia
880 2693 1048 2744 Narbonensi
1066 2695 1175 2756 rogatus
1192 2689 1252 2749 317,
1265 2688 1294 2748 3,

756 2790 783 2835 61
806 2782 918 2850 pulchre
941 2780 1009 2830 dixit
1031 2783 1059 2828 et
1082 2790 1152 2826 6616
1171 2773 1296 2840 (sumpsit

755 2872 789 2923 ab
809 2869 932 2921 omnibus
950 2867 1020 2917 bene
1039 2865 1121 2928 dicta)
1140 2863 1183 2923 66,
1201 2862 1230 2921 4,
1251 2873 1294 2908 ex·

756 2958 885 3009 actissimi
897 2956 939 3004 111
950 2953 1063 3019 ingenii,
1082 2950 1130 3015 qui
1142 2962 1192 2998 nec
1205 2946 1296 2996 dicere

756 3063 798 3097 res
816 3048 922 3110 ineptas
947 3055 999 3091 neo
1023 3039 1093 3088 16116
1111 3038 1217 3102 poterat
1236 3034 1296 3094 316,

758 3135 802 3196 12,
818 3131 923 3181 solebat
932 3126 1093 3178 sententiam
1103 3121 1238 3188 quandam
1250 3118 1296 3169 Se·

757 3220 832 3269 niani
845 3216 966 3267 deridere
978 3217 1006 3263 et
1015 3211 1130 3262 similem
1143 3208 1185 3258 illi
1196 3207 1296 3258 1616116

756 3308 786 3356 16
799 3305 921 3355 61611666
939 3300 1037 3351 dictam
1049 3296 1174 3347 Montani
1185 3294 1297 3346 Votieni

758 3393 817 3455 316,
826 3392 871 3452 13,
882 3402 1000 3439 16161661
1010 3391 1114 3435 6616161
1124 3380 1215 3434 0111111
1226 3384 1295 3440 6161,

758 3477 887 3543 Glyconis
906 3488 1013 3524 sensum
1033 3470 1206 3521 disertissime
1224 3466 1298 3532 apud

758 3565 885 3618 Ovidium
900 3561 1017 3627 positum
1030 3572 1089 3608 esse
1098 3557 1166 3607 dixit
1175 3556 1235 3615 492,
1256 3553 1297 3602 12.

812 3650 971 3702 &ruentium
989 3648 1031 3710 31,
1045 3647 1069 3695 3.
1088 3645 1149 3706 324,
1167 3643 1192 3691 3.

814 3737 903 3790 Color:
922 3737 1007 3797 bd,b.

726 3823 903 3896 Vipsanius
932 3823 987 3889 161.
1004 3794 1349 3932 116166161ὒ611116ὴ·

1167 3892 1185 3932 a.
