2760 4110
87 155 163 212 XVI
576 164 787 216 PRAEFATIO.

88 321 285 406 compendiis
309 331 460 386 exaratus
483 320 571 407 est.¹)
594 359 637 367 -
660 321 772 384 Partes
795 319 888 383 huius
911 320 1037 383 libriin
1060 343 1169 386 mcum
1193 344 1289 385 usum

88 427 291 490 contulerunt
315 427 353 491 G.
379 418 552 512 Heylbut
575 436 607 489 ct
629 427 667 489 B.
691 425 848 488 Kiibler.

194 646 310 710 1),Ριίοι
328 661 389 710 pars
408 645 507 695 codicis
525 646 553 693 iu
577 645 669 694 charta
692 645 791 709 scripta
814 645 948 693 continet:
967 641 1005 694 Ὁ.
1024 644 1102 694 Sollii
1120 644 1286 709 Apollinaris

88 730 210 798 Sydonii‘
229 734 356 794 carmina,
376 729 458 782 ‘Petri
478 731 556 780 Balbi
575 732 667 781 Pisani
686 736 713 779 et
730 731 842 780 Maximi
865 728 1032 780 confessoris‘
1055 731 1186 796 epistulas
1209 733 1284 794 duas,

89 817 288 885 ‘cenotaphium
308 821 335 868 in
355 824 466 869 mortem
491 820 525 868 D.
544 819 667 882 Prosperi
687 817 835 868 Columnae
859 824 886 868 et
905 819 1111 869 consolatoriam
1137 822 1284 870 orationem

88 905 183 956 Karoli
197 907 300 956 Aretini
319 907 353 956 ad
371 907 430 956 Cos.
445 911 472 956 et
488 907 555 955 Lau.
575 906 608 954 de
621 906 696 955 obitu
710 901 818 967 matris’,
832 902 970 955 ‘Bernardi
982 906 1126 955 Iustiniani
1139 907 1284 957 Leonardii

89 993 138 1042 tilii
151 992 184 1042 de
197 992 322 1042 laudibus
333 993 470 1042 Francisci
483 993 594 1042 l'uscari
607 992 682 1041 ducis
692 992 832 1041 funebrem
843 989 1008 1041 orationem’.
1019 992 1137 1043 Senecae
1148 995 1284 1043 suasoriae

91 1085 118 1129 et
132 1082 338 1142 controversiae,
357 1095 427 1144 quae
439 1081 467 1129 in
487 1080 642 1129 membrana
653 1080 768 1144 scriptae
781 1084 851 1140 sunt,
871 1081 1005 1145 incipiunt
1023 1079 1069 1128 fol.
1084 1082 1157 1132 ibit,
1169 1085 1231 1144 post
1241 1095 1284 1130 eas

90 1168 118 1216 in
141 1166 244 1216 ultimis
268 1167 340 1216 foliis
369 1163 461 1216 ‘oratic
484 1167 604 1215 funebris
633 1167 660 1214 in
685 1165 787 1214 obitum
812 1166 976 1214 Bessarionis
1000 1163 1152 1215 cardinalis’
1176 1165 1284 1232 legitur.
1329 1202 1331 1213 .

90 1261 238 1304 memoratu
254 1254 336 1319 digna
350 1260 420 1313 sunt,
432 1269 501 1318 quae
513 1253 599 1302 scriba
609 1254 637 1301 in
653 1253 730 1301 initio
742 1259 769 1301 et
782 1253 811 1300 iu
822 1251 876 1300 fine
888 1255 974 1317 operis
985 1253 1126 1302 Annaeani
1136 1252 1283 1319 adscripsit.
1329 1256 1331 1267 '

194 1342 226 1390 ln
244 1342 323 1391 initio
335 1341 403 1390 haec
416 1341 555 1406 leguntur:
575 1337 721 1389 ‘Adrnoneo
740 1346 767 1390 te
782 1355 899 1405 aerugo,
913 1339 1017 1404 hospes,
1040 1342 1196 1404 quicunque
1213 1340 1285 1390 hunc
1329 1402 1331 1407 Α

90 1429 348 1493 praestantissimum
372 1433 509 1477 auctorem
535 1442 568 1477 ex
592 1427 750 1477 confusione
774 1433 801 1477 et
826 1427 944 1476 tenebris
972 1433 1137 1476 caracterem
1163 1442 1284 1477 meorum
1329 1420 1331 1449 i

90 1516 268 1579 descripseris,
283 1521 313 1564 ut
326 1515 391 1563 mihi
404 1516 534 1579 ignoscas.
547 1516 570 1564 si
584 1516 655 1564 enim
668 1517 757 1575 scires,
771 1520 873 1579 quanta
885 1515 1050 1563 exaraverim
1065 1515 1202 1564 anxietate
1216 1528 1285 1578 quac
1325 1516 1331 1567 -1

90 1602 166 1668 legis,
189 1603 243 1650 non
263 1601 455 1651 condemnares
479 1603 611 1652 inertiam.
635 1601 810 1666 pugnandum
828 1602 888 1663 fnit,
913 1607 944 1650 ut
967 1601 1105 1666 exemplar
1123 1607 1285 1651 teneremus.

91 1695 120 1738 tu
139 1695 230 1739 tamen
250 1689 359 1738 adverte
378 1689 449 1738 inter
467 1688 612 1754 legendum
631 1688 846 1754 diligentissime,
866 1693 896 1736 ut
914 1690 1108 1738 sententiarum
1123 1689 1284 1738 brevitatem
1329 1714 1331 1727 ι

90 1777 208 1841 arripias.
229 1775 438 1825 declamatorum
457 1781 520 1825 sunt
538 1777 617 1824 vivae
635 1779 816 1839 aeternaeque
835 1780 862 1824 et
881 1775 1066 1824 exactissimae
1085 1775 1237 1824 sententiae
1257 1777 1284 1824 iu

90 1879 187 1928 corpus
212 1878 294 1912 unum
319 1862 396 1911 velut
419 1862 448 1911 in
471 1864 594 1927 torquem
617 1862 651 1912 ab
675 1861 726 1912 hoc
752 1867 862 1911 auctore
885 1863 1057 1926 compositae,
1081 1863 1158 1926 quasi
1181 1862 1286 1910 animas

92 1951 256 2014 spiritusque
274 1948 486 1998 declamatorum
505 1948 662 2014 conligeret,
681 1963 792 2013 corpora
814 1950 842 1997 in
866 1950 921 1997 suis
940 1963 1031 1997 eorum
1051 1948 1188 1997 codicibus
1207 1947 1287 1997 relin-

90 2044 194 2101 queret.
215 2037 335 2086 Senecae
355 2036 521 2098 inscribitur3
547 2037 662 2101 quisque
680 2035 724 2084 vel
748 2037 878 2085 assentiat
901 2035 944 2085 vel
967 2035 1116 2100 refragetur
1139 2051 1186 2099 pro
1206 2040 1286 2100 captu

91 2124 135 2173 vel
160 2125 262 2188 ingenii
286 2123 328 2172 sui
350 2122 395 2171 vel
418 2122 586 2187 diligentiae.
610 2123 700 2172 omnia
723 2128 786 2171 suut
809 2122 881 2172 dicta
903 2122 1002 2171 iudicio
1026 2137 1084 2171 meo
1103 2136 1193 2171 aurea.
1212 2121 1287 2171 labor

91 2210 200 2274 legendi
214 2210 343 2259 minuitur
356 2210 550 2258 sententiarum
565 2208 707 2274 splendore
720 2214 748 2258 et
760 2209 885 2273 pondere.
906 2214 970 2274 puta
990 2214 1015 2257 te
1028 2210 1056 2256 in
1073 2209 1235 2257 senticetum
1250 2211 1285 2257 in-

92 2297 196 2358 cidisse,
210 2311 242 2345 ex
252 2312 305 2368 quo
317 2296 471 2361 saepissime
484 2297 621 2360 spinarum
634 2294 736 2345 aculeis
748 2295 882 2345 laceratus
891 2296 967 2361 fraga
976 2297 1049 2345 intus
1061 2300 1142 2344 enata
1150 2295 1286 2359 decerpas.

92 2389 211 2433 ceterum
231 2388 291 2448 post
314 2383 393 2433 deum
417 2384 517 2448 gratias
540 2382 610 2432 habe
628 2383 792 2432 immortales
810 2383 973 2447 amplissimo
993 2383 1062 2448 patri
1081 2388 1108 2430 et
1127 2382 1236 2431 domiuo
1256 2383 1286 2431 D.

91 2471 115 2518 N
118 2469 205 2519 icolao
217 2469 251 2519 de
265 2469 344 2532 Cusa,
357 2469 437 2519 titulo
452 2471 485 2534 (l)
499 2471 585 2519 sancti
597 2470 672 2519 Petri
691 2470 725 2519 ad
737 2470 846 2519 vincula
860 2471 886 2519 S.
899 2470 929 2519 R.
944 2470 975 2519 Ε.
988 2471 1143 2534 presbytero
1156 2469 1287 2519 cardinali

91 2556 323 2618 reverendissimo,
343 2558 469 2621 quoniam
488 2558 572 2621 ipsius
597 2559 758 2606 auctoritate
777 2563 804 2606 et
827 2559 980 2610 testimonio
1003 2559 1129 2606 incensus
1152 2572 1208 2605 nou
1231 2556 1286 2621 pul-

91 2643 193 2705 chrum,
211 2643 259 2693 sed
277 2643 438 2693 laboriosnm
458 2659 525 2709 opus
543 2645 640 2708 raptim
659 2644 754 2693 diebus
772 2644 896 2693 undecim
916 2644 1027 2693 absolvi.
1046 2640 1124 2692 vale'.

196 2731 228 2780 ln
250 2730 304 2779 tine
327 2730 395 2780 haec
417 2730 557 2795 leguntur:
582 2727 687 2796 ‘Capiet
710 2737 737 2780 te
761 2732 906 2792 fastidium,
932 2731 996 2781 dum
1025 2730 1107 2795 leges,
1136 2732 1232 2794 amice,
1256 2746 1286 2781 ex

91 2822 257 2867 caracterurn
282 2831 402 2867 meorum
427 2818 593 2867 confusione.
617 2823 735 2868 ceterum
754 2820 847 2883 accipe
869 2818 941 2882 quod
964 2824 991 2867 te
1015 2817 1105 2879 velim,
1128 2818 1227 2868 deinde
1246 2832 1286 2867 me

93 2903 137 2954 vel
160 2903 271 2953 absolve
294 2903 338 2952 vel
362 2903 467 2953 damna.
496 2905 634 2968 inopinato
656 2906 780 2968 pervenit
807 2906 835 2954 in
859 2921 955 2954 manus
978 2919 1051 2954 meas
1076 2905 1179 2954 Rornae
1204 2905 1286 2955 codex

91 2991 201 3055 quidam
226 2992 289 3040 satis
312 2996 441 3051 vetustus,
470 2991 516 3040 sed
539 2993 625 3056 magis
659 2992 809 3041 mendosus.
846 3007 918 3041 eram
947 2992 1086 3041 familiaris
1110 3006 1142 3039 eo
1169 2999 1286 3057 ternpore

93 3077 308 3128 reverendissimi
332 3079 360 3127 in
379 3078 485 3128 Christo
509 3080 592 3143 patris
615 3079 716 3128 domini
734 3080 768 3142 (t)
788 3078 894 3129 Nicolai
913 3079 945 3128 de
964 3078 1035 3128 Cusa
1053 3078 1079 3127 S.
1092 3078 1124 3127 R.
1137 3079 1168 3127 Ε,
1188 3079 1287 3129 miseri·

94 3164 185 3214 cordia
196 3164 288 3214 divina
301 3165 450 3229 presbyteri
469 3165 621 3227 cardinalis,
641 3167 691 3214 viri
711 3168 830 3215 omnium
852 3167 1007 3216 testimonio
1025 3165 1101 3231 digni
1118 3181 1185 3215 suae
1204 3166 1287 3231 digni·

94 3253 157 3301 tatis
169 3251 354 3316 amplitudine.
367 3253 454 3317 ipsum
468 3257 564 3302 testem
577 3253 682 3314 invoco,
692 3255 739 3319 qui
751 3259 859 3302 sauctus
870 3259 910 3302 est
921 3254 1041 3302 veritatis
1054 3258 1177 3314 assertor,
1191 3252 1288 3302 librum

94 3338 225 3389 eiusruodi
238 3353 289 3402 ego
302 3354 448 3403 numquam
463 3338 589 3404 legeram,
603 3355 750 3404 numquam
763 3339 908 3390 audieram.
922 3340 979 3404 ipse
994 3339 1092 3389 habere
1102 3353 1160 3388 sese
1173 3339 1288 3390 similem

93 3425 169 3486 dixit,
188 3430 307 3475 ceterum
326 3426 483 3476 mendosum
503 3429 537 3487 (ia
555 3425 633 3476 codex
650 3431 674 3476 B
691 3428 774 3490 jiuit);
798 3441 944 3491 numquam
964 3428 998 3490 (t)
1021 3427 1094 3491 prius
1116 3425 1234 3477 alterum
1254 3429 1290 3476 iu·

95 3514 213 3574 venisse3
233 3515 428 3563 sententiarum
448 3529 476 3562 se
495 3519 605 3578 captum
623 3514 728 3575 decore,
748 3514 864 3578 quaein
884 3528 916 3563 eo
938 3514 1150 3562 continerentur.
1169 3513 1292 3564 incendit

94 3599 160 3648 mihi
173 3601 302 3661 animum,
321 3605 352 3650 ut
364 3601 514 3665 raptissime
528 3600 705 3660 excriberem3
723 3600 775 3650 feci
789 3599 883 3649 diebus
896 3600 1029 3649 undecim.
1048 3599 1114 3648 deus
1127 3601 1186 3661 scit,
1207 3602 1292 3651 multa

94 3689 210 3750 correxi,
228 3703 275 3753 pro
290 3687 413 3753 exemplu
425 3688 486 3749 feci,
500 3687 638 3752 exemplar
650 3688 738 3738 teneri
749 3703 804 3736 non
816 3692 929 3752 poterat.
949 3687 1053 3736 Graeca
1066 3687 1182 3752 pessima
1202 3696 1293 3750 erant,

94 3778 184 3824 tamen
205 3775 319 3839 reppetii
339 3774 401 3835 (m,-
420 3774 525 3840 repperi
544 3772 609 3833 coda
630 3774 842 3838 diligentissime,
862 3774 958 3822 faciam
978 3769 1089 3822 melius'.
