<?xml version="1.0" encoding="UTF-8"?>
<!DOCTYPE html PUBLIC "-//W3C//DTD XHTML 1.0 Transitional//EN"
    "http://www.w3.org/TR/xhtml1/DTD/xhtml1-transitional.dtd">
<html xmlns="http://www.w3.org/1999/xhtml" xml:lang="en" lang="en">
 <head>
  <title>
</title>
<meta http-equiv="Content-Type" content="text/html;charset=utf-8" />
  <meta name='ocr-system' content='tesseract 3.04.00' />
  <meta name='ocr-capabilities' content='ocr_page ocr_carea ocr_par ocr_line ocrx_word'/>
</head>
<body>
  <div class='ocr_page' id='page_1' title='image "./lannaeisenecaeo00mullgoog_0026.png"; bbox 0 0 2760 4110; ppageno 0'>
   <div class='ocr_carea' id='block_1_1' title="bbox 557 137 1265 197">
    <p class='ocr_par' dir='ltr' id='par_1_1' title="bbox 557 137 1265 197">
     <span class='ocr_line' id='line_1_1' title="bbox 557 137 1265 197; baseline -0.003 -1"><span class='ocrx_word' id='word_1_1' title='bbox 557 147 771 197; x_wconf 79' lang='lat' dir='ltr'>PRAEFATIO.</span> <span class='ocrx_word' id='word_1_2' title='bbox 1135 137 1265 194; x_wconf 86' lang='lat' dir='ltr'>XVIIII</span> 
     </span>
    </p>
   </div>
   <div class='ocr_carea' id='block_1_2' title="bbox 57 299 1264 1844">
    <p class='ocr_par' dir='ltr' id='par_1_2' title="bbox 57 299 1264 1844">
     <span class='ocr_line' id='line_1_2' title="bbox 59 299 1262 386; baseline 0.002 -21"><span class='ocrx_word' id='word_1_3' title='bbox 59 323 125 365; x_wconf 91' lang='lat' dir='ltr'>nec</span> <span class='ocrx_word' id='word_1_4' title='bbox 149 323 258 364; x_wconf 90' lang='lat' dir='ltr'>errore</span> <span class='ocrx_word' id='word_1_5' title='bbox 280 299 389 385; x_wconf 86' lang='lat' dir='ltr'>lapsus</span> <span class='ocrx_word' id='word_1_6' title='bbox 412 324 472 365; x_wconf 89' lang='lat' dir='ltr'>nec</span> <span class='ocrx_word' id='word_1_7' title='bbox 497 302 677 386; x_wconf 84' lang='lat' dir='ltr'>corrigendi</span> <span class='ocrx_word' id='word_1_8' title='bbox 700 302 804 366; x_wconf 89' lang='lat' dir='ltr'>studio</span> <span class='ocrx_word' id='word_1_9' title='bbox 828 302 870 366; x_wconf 85' lang='lat' dir='ltr'>ed</span> <span class='ocrx_word' id='word_1_10' title='bbox 894 302 1083 367; x_wconf 90' lang='lat' dir='ltr'>mutandum</span> <span class='ocrx_word' id='word_1_11' title='bbox 1104 302 1262 368; x_wconf 86' lang='lat' dir='ltr'>deductus</span> 
     </span>
     <span class='ocr_line' id='line_1_3' title="bbox 59 404 1263 492; baseline -0.001 -23"><span class='ocrx_word' id='word_1_12' title='bbox 59 427 136 469; x_wconf 90' lang='lat' dir='ltr'>esse</span> <span class='ocrx_word' id='word_1_13' title='bbox 159 407 267 490; x_wconf 88' lang='lat' dir='ltr'>possit,</span> <span class='ocrx_word' id='word_1_14' title='bbox 295 404 397 468; x_wconf 88' lang='lat' dir='ltr'>ethis</span> <span class='ocrx_word' id='word_1_15' title='bbox 421 407 496 490; x_wconf 87' lang='lat' dir='ltr'>ipsis</span> <span class='ocrx_word' id='word_1_16' title='bbox 519 405 596 470; x_wconf 87' lang='lat' dir='ltr'>locis</span> <span class='ocrx_word' id='word_1_17' title='bbox 618 430 637 466; x_wconf 84' lang='grc' dir='ltr'><strong><em>υ</em></strong></span> <span class='ocrx_word' id='word_1_18' title='bbox 655 429 763 492; x_wconf 81' lang='lat' dir='ltr'>saepe,</span> <span class='ocrx_word' id='word_1_19' title='bbox 792 430 832 470; x_wconf 87' lang='lat' dir='ltr'>nc</span> <span class='ocrx_word' id='word_1_20' title='bbox 857 406 962 471; x_wconf 89' lang='lat' dir='ltr'>dicam</span> <span class='ocrx_word' id='word_1_21' title='bbox 986 430 1122 492; x_wconf 79' lang='lat' dir='ltr'>semper,</span> <span class='ocrx_word' id='word_1_22' title='bbox 1151 431 1225 471; x_wconf 91' lang='lat' dir='ltr'>cum</span> <span class='ocrx_word' id='word_1_23' title='bbox 1242 431 1263 468; x_wconf 81' lang='grc' dir='ltr'><strong><em>τ</em></strong></span> 
     </span>
     <span class='ocr_line' id='line_1_4' title="bbox 60 510 1262 593; baseline 0.002 -20"><span class='ocrx_word' id='word_1_24' title='bbox 60 510 230 573; x_wconf 78' lang='lat' dir='ltr'>consentit.</span> <span class='ocrx_word' id='word_1_25' title='bbox 256 531 430 593; x_wconf 90' lang='lat' dir='ltr'>quaecum</span> <span class='ocrx_word' id='word_1_26' title='bbox 452 512 496 573; x_wconf 89' lang='lat' dir='ltr'>ita</span> <span class='ocrx_word' id='word_1_27' title='bbox 516 512 586 592; x_wconf 89' lang='lat' dir='ltr'>sint,</span> <span class='ocrx_word' id='word_1_28' title='bbox 610 520 729 574; x_wconf 91' lang='lat' dir='ltr'>utrem</span> <span class='ocrx_word' id='word_1_29' title='bbox 751 511 893 574; x_wconf 88' lang='lat' dir='ltr'>breviter</span> <span class='ocrx_word' id='word_1_30' title='bbox 916 511 1093 593; x_wconf 81' lang='lat' dir='ltr'>absolvam,</span> <span class='ocrx_word' id='word_1_31' title='bbox 1112 510 1139 574; x_wconf 91' lang='grc'>1.</span> <span class='ocrx_word' id='word_1_32' title='bbox 1164 536 1183 572; x_wconf 87' lang='grc' dir='ltr'><strong><em>υ</em></strong></span> <span class='ocrx_word' id='word_1_33' title='bbox 1201 534 1262 575; x_wconf 92' lang='lat' dir='ltr'>nec</span> 
     </span>
     <span class='ocr_line' id='line_1_5' title="bbox 60 612 1261 699; baseline 0.002 -23"><span class='ocrx_word' id='word_1_34' title='bbox 60 636 107 676; x_wconf 86' lang='lat' dir='ltr'>ex</span> <span class='ocrx_word' id='word_1_35' title='bbox 131 620 163 671; x_wconf 93' lang='lat' dir='ltr'><strong>V</strong></span> <span class='ocrx_word' id='word_1_36' title='bbox 185 635 246 676; x_wconf 89' lang='lat' dir='ltr'>nec</span> <span class='ocrx_word' id='word_1_37' title='bbox 275 634 318 676; x_wconf 86' lang='lat' dir='ltr'>ex</span> <span class='ocrx_word' id='word_1_38' title='bbox 340 621 366 673; x_wconf 78' lang='grc' dir='ltr'><strong>Τ</strong></span> <span class='ocrx_word' id='word_1_39' title='bbox 389 612 541 677; x_wconf 89' lang='lat' dir='ltr'>lectiones</span> <span class='ocrx_word' id='word_1_40' title='bbox 568 637 643 678; x_wconf 89' lang='lat' dir='ltr'>suas</span> <span class='ocrx_word' id='word_1_41' title='bbox 675 617 818 699; x_wconf 79' lang='lat' dir='ltr'><strong>sumpsit,</strong></span> <span class='ocrx_word' id='word_1_42' title='bbox 851 614 910 678; x_wconf 89' lang='lat' dir='ltr'>sed</span> <span class='ocrx_word' id='word_1_43' title='bbox 938 638 980 678; x_wconf 88' lang='lat' dir='ltr'>ex</span> <span class='ocrx_word' id='word_1_44' title='bbox 1004 614 1064 679; x_wconf 89' lang='lat' dir='ltr'>alio</span> <span class='ocrx_word' id='word_1_45' title='bbox 1091 615 1173 679; x_wconf 92' lang='lat' dir='ltr'>libro</span> <span class='ocrx_word' id='word_1_46' title='bbox 1200 615 1261 680; x_wconf 91' lang='lat' dir='ltr'>illis</span> 
     </span>
     <span class='ocr_line' id='line_1_6' title="bbox 60 716 1261 803; baseline 0.002 -24"><span class='ocrx_word' id='word_1_47' title='bbox 60 716 232 799; x_wconf 79' lang='lat' dir='ltr'>simillime,</span> <span class='ocrx_word' id='word_1_48' title='bbox 266 719 320 801; x_wconf 92' lang='lat' dir='ltr'>qui</span> <span class='ocrx_word' id='word_1_49' title='bbox 346 717 398 779; x_wconf 86' lang='lat' dir='ltr'>vel</span> <span class='ocrx_word' id='word_1_50' title='bbox 426 718 494 801; x_wconf 92' lang='lat' dir='ltr'>ipse</span> <span class='ocrx_word' id='word_1_51' title='bbox 523 740 565 780; x_wconf 85' lang='lat' dir='ltr'>ex</span> <span class='ocrx_word' id='word_1_52' title='bbox 594 728 737 781; x_wconf 92' lang='lat' dir='ltr'>correcto</span> <span class='ocrx_word' id='word_1_53' title='bbox 766 717 876 782; x_wconf 85' lang='lat' dir='ltr'>codice</span> <span class='ocrx_word' id='word_1_54' title='bbox 905 718 1083 803; x_wconf 88' lang='lat' dir='ltr'>descriptus</span> <span class='ocrx_word' id='word_1_55' title='bbox 1114 728 1183 782; x_wconf 87' lang='lat' dir='ltr'>erat</span> <span class='ocrx_word' id='word_1_56' title='bbox 1209 720 1261 783; x_wconf 89' lang='lat' dir='ltr'>vel</span> 
     </span>
     <span class='ocr_line' id='line_1_7' title="bbox 59 820 1263 907; baseline -0.001 -23"><span class='ocrx_word' id='word_1_57' title='bbox 59 820 181 884; x_wconf 88' lang='lat' dir='ltr'>multas</span> <span class='ocrx_word' id='word_1_58' title='bbox 198 822 411 884; x_wconf 84' lang='lat' dir='ltr'>correctiones</span> <span class='ocrx_word' id='word_1_59' title='bbox 427 823 459 884; x_wconf 93' lang='lat' dir='ltr'>in</span> <span class='ocrx_word' id='word_1_60' title='bbox 478 822 678 907; x_wconf 84' lang='lat' dir='ltr'>margimbus</span> <span class='ocrx_word' id='word_1_61' title='bbox 694 824 817 886; x_wconf 77' lang='lat' dir='ltr'>interve</span> <span class='ocrx_word' id='word_1_62' title='bbox 833 823 933 886; x_wconf 89' lang='lat' dir='ltr'>lineas</span> <span class='ocrx_word' id='word_1_63' title='bbox 950 822 1147 905; x_wconf 80' lang='lat' dir='ltr'>continebat3</span> <span class='ocrx_word' id='word_1_64' title='bbox 1168 822 1198 887; x_wconf 76' lang='lat'>2.</span> <span class='ocrx_word' id='word_1_65' title='bbox 1215 825 1263 883; x_wconf 81' lang='lat' dir='ltr'>V²</span> 
     </span>
     <span class='ocr_line' id='line_1_8' title="bbox 60 925 1262 1011; baseline 0.001 -23"><span class='ocrx_word' id='word_1_66' title='bbox 60 946 129 988; x_wconf 89' lang='lat' dir='ltr'>non</span> <span class='ocrx_word' id='word_1_67' title='bbox 152 947 195 987; x_wconf 85' lang='lat' dir='ltr'>ex</span> <span class='ocrx_word' id='word_1_68' title='bbox 219 926 403 988; x_wconf 87' lang='lat' dir='ltr'>coniectura</span> <span class='ocrx_word' id='word_1_69' title='bbox 425 928 570 1008; x_wconf 90' lang='lat' dir='ltr'>mutavit,</span> <span class='ocrx_word' id='word_1_70' title='bbox 594 925 652 989; x_wconf 89' lang='lat' dir='ltr'>sed</span> <span class='ocrx_word' id='word_1_71' title='bbox 672 935 797 989; x_wconf 88' lang='lat' dir='ltr'>vetusto</span> <span class='ocrx_word' id='word_1_72' title='bbox 822 925 999 1011; x_wconf 83' lang='lat' dir='ltr'>exemplari</span> <span class='ocrx_word' id='word_1_73' title='bbox 1021 949 1097 990; x_wconf 90' lang='lat' dir='ltr'>usus</span> <span class='ocrx_word' id='word_1_74' title='bbox 1121 937 1178 1010; x_wconf 88' lang='lat' dir='ltr'>cst,</span> <span class='ocrx_word' id='word_1_75' title='bbox 1201 927 1262 991; x_wconf 87' lang='lat' dir='ltr'>for-</span> 
     </span>
     <span class='ocr_line' id='line_1_9' title="bbox 59 1027 1262 1115; baseline 0.002 -23"><span class='ocrx_word' id='word_1_76' title='bbox 59 1037 149 1092; x_wconf 87' lang='lat' dir='ltr'>tasse</span> <span class='ocrx_word' id='word_1_77' title='bbox 173 1027 297 1110; x_wconf 90' lang='lat' dir='ltr'>eodem,</span> <span class='ocrx_word' id='word_1_78' title='bbox 322 1051 364 1092; x_wconf 87' lang='lat' dir='ltr'>ex</span> <span class='ocrx_word' id='word_1_79' title='bbox 388 1052 450 1115; x_wconf 89' lang='lat' dir='ltr'>quo</span> <span class='ocrx_word' id='word_1_80' title='bbox 470 1038 502 1091; x_wconf 91' lang='lat' dir='ltr'><strong>V</strong></span> <span class='ocrx_word' id='word_1_81' title='bbox 526 1029 705 1114; x_wconf 87' lang='lat' dir='ltr'>descriptus</span> <span class='ocrx_word' id='word_1_82' title='bbox 729 1040 784 1094; x_wconf 92' lang='lat' dir='ltr'>est.</span> <span class='ocrx_word' id='word_1_83' title='bbox 814 1032 882 1093; x_wconf 89' lang='lat' dir='ltr'>veri</span> <span class='ocrx_word' id='word_1_84' title='bbox 906 1041 1013 1094; x_wconf 89' lang='lat' dir='ltr'>autem</span> <span class='ocrx_word' id='word_1_85' title='bbox 1036 1031 1167 1095; x_wconf 90' lang='lat' dir='ltr'>similius</span> <span class='ocrx_word' id='word_1_86' title='bbox 1191 1053 1262 1095; x_wconf 89' lang='lat' dir='ltr'>esse</span> 
     </span>
     <span class='ocr_line' id='line_1_10' title="bbox 60 1131 1262 1220; baseline 0.004 -26"><span class='ocrx_word' id='word_1_87' title='bbox 60 1131 203 1195; x_wconf 83' lang='lat' dir='ltr'>dixerim</span> <span class='ocrx_word' id='word_1_88' title='bbox 220 1134 268 1193; x_wconf 77' lang='lat' dir='ltr'>V²</span> <span class='ocrx_word' id='word_1_89' title='bbox 287 1142 319 1197; x_wconf 87' lang='lat' dir='ltr'>et</span> <span class='ocrx_word' id='word_1_90' title='bbox 340 1156 359 1192; x_wconf 88' lang='grc' dir='ltr'><strong><em>υ</em></strong></span> <span class='ocrx_word' id='word_1_91' title='bbox 378 1155 420 1196; x_wconf 82' lang='lat' dir='ltr'>ex</span> <span class='ocrx_word' id='word_1_92' title='bbox 436 1133 551 1197; x_wconf 89' lang='lat' dir='ltr'>eodem</span> <span class='ocrx_word' id='word_1_93' title='bbox 567 1134 677 1198; x_wconf 89' lang='lat' dir='ltr'>codice</span> <span class='ocrx_word' id='word_1_94' title='bbox 694 1133 762 1220; x_wconf 68' lang='lat' dir='ltr'>(xl)</span> <span class='ocrx_word' id='word_1_95' title='bbox 779 1134 932 1216; x_wconf 89' lang='lat' dir='ltr'>hausisse,</span> <span class='ocrx_word' id='word_1_96' title='bbox 949 1136 974 1197; x_wconf 88' lang='lat' dir='ltr'>si</span> <span class='ocrx_word' id='word_1_97' title='bbox 991 1156 1065 1197; x_wconf 91' lang='lat' dir='ltr'>eum</span> <span class='ocrx_word' id='word_1_98' title='bbox 1082 1145 1262 1199; x_wconf 90' lang='lat' dir='ltr'>correctum</span> 
     </span>
     <span class='ocr_line' id='line_1_11' title="bbox 59 1242 1261 1323; baseline 0.002 -25"><span class='ocrx_word' id='word_1_99' title='bbox 59 1258 136 1299; x_wconf 88' lang='lat' dir='ltr'>esse</span> <span class='ocrx_word' id='word_1_100' title='bbox 167 1246 354 1320; x_wconf 89' lang='lat' dir='ltr'>statuamus,</span> <span class='ocrx_word' id='word_1_101' title='bbox 386 1248 555 1323; x_wconf 83' lang='lat' dir='ltr'>postquam</span> <span class='ocrx_word' id='word_1_102' title='bbox 585 1242 632 1300; x_wconf 83' lang='lat' dir='ltr'>V²</span> <span class='ocrx_word' id='word_1_103' title='bbox 663 1261 700 1302; x_wconf 89' lang='lat' dir='ltr'>co</span> <span class='ocrx_word' id='word_1_104' title='bbox 731 1261 807 1302; x_wconf 89' lang='lat' dir='ltr'>usus</span> <span class='ocrx_word' id='word_1_105' title='bbox 840 1248 887 1302; x_wconf 88' lang='lat' dir='ltr'>est</span> <span class='ocrx_word' id='word_1_106' title='bbox 922 1247 954 1301; x_wconf 90' lang='lat' dir='ltr'>et</span> <span class='ocrx_word' id='word_1_107' title='bbox 983 1249 1156 1323; x_wconf 85' lang='lat' dir='ltr'>antequam</span> <span class='ocrx_word' id='word_1_108' title='bbox 1179 1263 1197 1298; x_wconf 86' lang='lat' dir='ltr'><em>v</em></span> <span class='ocrx_word' id='word_1_109' title='bbox 1224 1261 1261 1301; x_wconf 91' lang='lat' dir='ltr'>eo</span> 
     </span>
     <span class='ocr_line' id='line_1_12' title="bbox 59 1341 1262 1427; baseline 0.003 -25"><span class='ocrx_word' id='word_1_110' title='bbox 59 1349 222 1422; x_wconf 82' lang='lat' dir='ltr'>uteretur3</span> <span class='ocrx_word' id='word_1_111' title='bbox 246 1341 276 1404; x_wconf 88' lang='lat'>3.</span> <span class='ocrx_word' id='word_1_112' title='bbox 291 1363 311 1400; x_wconf 86' lang='grc' dir='ltr'><em>τ</em></span> <span class='ocrx_word' id='word_1_113' title='bbox 325 1351 381 1405; x_wconf 89' lang='lat' dir='ltr'>aut</span> <span class='ocrx_word' id='word_1_114' title='bbox 398 1342 488 1406; x_wconf 91' lang='lat' dir='ltr'>illum</span> <span class='ocrx_word' id='word_1_115' title='bbox 510 1342 628 1406; x_wconf 92' lang='lat' dir='ltr'>librum</span> <span class='ocrx_word' id='word_1_116' title='bbox 644 1342 798 1425; x_wconf 87' lang='lat' dir='ltr'>adhibuit,</span> <span class='ocrx_word' id='word_1_117' title='bbox 816 1365 857 1405; x_wconf 89' lang='lat' dir='ltr'>cx</span> <span class='ocrx_word' id='word_1_118' title='bbox 875 1365 937 1427; x_wconf 91' lang='lat' dir='ltr'>quo</span> <span class='ocrx_word' id='word_1_119' title='bbox 951 1367 969 1402; x_wconf 88' lang='lat' dir='ltr'><em>v</em></span> <span class='ocrx_word' id='word_1_120' title='bbox 985 1365 1043 1406; x_wconf 88' lang='lat' dir='ltr'>sua</span> <span class='ocrx_word' id='word_1_121' title='bbox 1058 1344 1180 1426; x_wconf 91' lang='lat' dir='ltr'>petivit,</span> <span class='ocrx_word' id='word_1_122' title='bbox 1197 1352 1262 1425; x_wconf 87' lang='lat' dir='ltr'>aut,</span> 
     </span>
     <span class='ocr_line' id='line_1_13' title="bbox 58 1443 1264 1532; baseline 0.002 -25"><span class='ocrx_word' id='word_1_123' title='bbox 58 1443 96 1507; x_wconf 89' lang='lat' dir='ltr'>id</span> <span class='ocrx_word' id='word_1_124' title='bbox 119 1443 208 1528; x_wconf 91' lang='lat' dir='ltr'>quod</span> <span class='ocrx_word' id='word_1_125' title='bbox 231 1467 290 1529; x_wconf 84' lang='lat' dir='ltr'>ego</span> <span class='ocrx_word' id='word_1_126' title='bbox 315 1445 445 1530; x_wconf 86' lang='lat' dir='ltr'>quidem</span> <span class='ocrx_word' id='word_1_127' title='bbox 468 1469 525 1531; x_wconf 95' lang='lat' dir='ltr'>pro</span> <span class='ocrx_word' id='word_1_128' title='bbox 542 1456 629 1510; x_wconf 89' lang='lat' dir='ltr'>certo</span> <span class='ocrx_word' id='word_1_129' title='bbox 645 1447 823 1529; x_wconf 86' lang='lat' dir='ltr'>habuen&#39;m,</span> <span class='ocrx_word' id='word_1_130' title='bbox 847 1449 951 1531; x_wconf 90' lang='lat' dir='ltr'>ipsum</span> <span class='ocrx_word' id='word_1_131' title='bbox 969 1471 988 1506; x_wconf 87' lang='lat' dir='ltr'><em>v</em></span> <span class='ocrx_word' id='word_1_132' title='bbox 1007 1445 1065 1532; x_wconf 84' lang='lat' dir='ltr'>(D)</span> <span class='ocrx_word' id='word_1_133' title='bbox 1089 1456 1120 1510; x_wconf 89' lang='lat' dir='ltr'>et</span> <span class='ocrx_word' id='word_1_134' title='bbox 1136 1457 1264 1532; x_wconf 88' lang='lat' dir='ltr'>praeter</span> 
     </span>
     <span class='ocr_line' id='line_1_14' title="bbox 59 1548 1262 1635; baseline 0.002 -24"><span class='ocrx_word' id='word_1_135' title='bbox 59 1571 140 1612; x_wconf 88' lang='lat' dir='ltr'>cum</span> <span class='ocrx_word' id='word_1_136' title='bbox 162 1548 269 1630; x_wconf 90' lang='lat' dir='ltr'>alium,</span> <span class='ocrx_word' id='word_1_137' title='bbox 294 1571 430 1634; x_wconf 92' lang='lat' dir='ltr'>quorum</span> <span class='ocrx_word' id='word_1_138' title='bbox 457 1553 614 1635; x_wconf 88' lang='lat' dir='ltr'>scriptura</span> <span class='ocrx_word' id='word_1_139' title='bbox 641 1552 764 1635; x_wconf 86' lang='lat' dir='ltr'>plenior</span> <span class='ocrx_word' id='word_1_140' title='bbox 790 1551 849 1614; x_wconf 87' lang='lat' dir='ltr'>fuit</span> <span class='ocrx_word' id='word_1_141' title='bbox 877 1573 974 1635; x_wconf 91' lang='lat' dir='ltr'>quam</span> <span class='ocrx_word' id='word_1_142' title='bbox 998 1559 1022 1614; x_wconf 83' lang='lat'><em>0</em></span> <span class='ocrx_word' id='word_1_143' title='bbox 1046 1560 1077 1614; x_wconf 89' lang='lat' dir='ltr'>et</span> <span class='ocrx_word' id='word_1_144' title='bbox 1105 1551 1262 1615; x_wconf 91' lang='lat' dir='ltr'>nonnullis</span> 
     </span>
     <span class='ocr_line' id='line_1_15' title="bbox 57 1652 1263 1739; baseline 0.002 -23"><span class='ocrx_word' id='word_1_145' title='bbox 57 1653 141 1716; x_wconf 86' lang='lat' dir='ltr'>loeis</span> <span class='ocrx_word' id='word_1_146' title='bbox 163 1655 280 1716; x_wconf 90' lang='lat' dir='ltr'>rectior</span> <span class='ocrx_word' id='word_1_147' title='bbox 303 1652 338 1739; x_wconf 79' lang='lat' dir='ltr'>(c</span> <span class='ocrx_word' id='word_1_148' title='bbox 355 1677 419 1718; x_wconf 92' lang='lat' dir='ltr'>non</span> <span class='ocrx_word' id='word_1_149' title='bbox 442 1654 544 1718; x_wconf 91' lang='lat' dir='ltr'>solum</span> <span class='ocrx_word' id='word_1_150' title='bbox 567 1678 641 1718; x_wconf 91' lang='lat' dir='ltr'>cum</span> <span class='ocrx_word' id='word_1_151' title='bbox 664 1664 700 1717; x_wconf 83' lang='grc' dir='ltr'>Μ</span> <span class='ocrx_word' id='word_1_152' title='bbox 722 1655 781 1718; x_wconf 87' lang='lat' dir='ltr'>sed</span> <span class='ocrx_word' id='word_1_153' title='bbox 804 1658 900 1718; x_wconf 88' lang='lat' dir='ltr'>etiam</span> <span class='ocrx_word' id='word_1_154' title='bbox 924 1678 997 1718; x_wconf 91' lang='lat' dir='ltr'>cum</span> <span class='ocrx_word' id='word_1_155' title='bbox 1020 1663 1080 1717; x_wconf 83' lang='lat' dir='ltr'>AB</span> <span class='ocrx_word' id='word_1_156' title='bbox 1103 1654 1263 1719; x_wconf 89' lang='lat' dir='ltr'>interdum</span> 
     </span>
     <span class='ocr_line' id='line_1_16' title="bbox 57 1757 1164 1844; baseline 0.004 -24"><span class='ocrx_word' id='word_1_157' title='bbox 57 1757 241 1843; x_wconf 78' lang='lat' dir='ltr'>conspirat)</span> <span class='ocrx_word' id='word_1_158' title='bbox 254 1758 288 1844; x_wconf 79' lang='lat'>¹).</span> <span class='ocrx_word' id='word_1_159' title='bbox 312 1759 446 1823; x_wconf 82' lang='lat' dir='ltr'>fortasse</span> <span class='ocrx_word' id='word_1_160' title='bbox 469 1763 565 1844; x_wconf 88' lang='lat' dir='ltr'>igitur</span> <span class='ocrx_word' id='word_1_161' title='bbox 587 1760 648 1824; x_wconf 94' lang='lat' dir='ltr'>hoc</span> <span class='ocrx_word' id='word_1_162' title='bbox 671 1760 765 1824; x_wconf 88' lang='lat' dir='ltr'>modo</span> <span class='ocrx_word' id='word_1_163' title='bbox 789 1761 860 1823; x_wconf 82' lang='lat' dir='ltr'>libri</span> <span class='ocrx_word' id='word_1_164' title='bbox 885 1759 1054 1824; x_wconf 90' lang='lat' dir='ltr'>ordinandi</span> <span class='ocrx_word' id='word_1_165' title='bbox 1077 1771 1164 1824; x_wconf 91' lang='lat' dir='ltr'>sunt:</span> 
     </span>
    </p>
   </div>
   <div class='ocr_carea' id='block_1_3' title="bbox 61 2715 1270 3824">
    <p class='ocr_par' dir='ltr' id='par_1_3' title="bbox 61 2715 1270 3824">
     <span class='ocr_line' id='line_1_17' title="bbox 173 2715 1267 2782; baseline -0.005 -15"><span class='ocrx_word' id='word_1_166' title='bbox 173 2718 193 2780; x_wconf 88' lang='lat'>¹)</span> <span class='ocrx_word' id='word_1_167' title='bbox 214 2716 253 2767; x_wconf 80' lang='lat' dir='ltr'>cf.</span> <span class='ocrx_word' id='word_1_168' title='bbox 273 2717 306 2768; x_wconf 92' lang='lat' dir='ltr'>H.</span> <span class='ocrx_word' id='word_1_169' title='bbox 320 2718 345 2767; x_wconf 82' lang='lat' dir='ltr'>J.</span> <span class='ocrx_word' id='word_1_170' title='bbox 360 2717 458 2767; x_wconf 84' lang='lat' dir='ltr'>Mliller</span> <span class='ocrx_word' id='word_1_171' title='bbox 476 2734 538 2767; x_wconf 83' lang='lat' dir='ltr'>ann.</span> <span class='ocrx_word' id='word_1_172' title='bbox 558 2717 622 2782; x_wconf 82' lang='lat' dir='ltr'>phil.</span> <span class='ocrx_word' id='word_1_173' title='bbox 643 2717 709 2766; x_wconf 82' lang='grc'>1878</span> <span class='ocrx_word' id='word_1_174' title='bbox 729 2733 754 2780; x_wconf 90' lang='lat' dir='ltr'>p.</span> <span class='ocrx_word' id='word_1_175' title='bbox 774 2718 823 2765; x_wconf 77' lang='lat'>547</span> <span class='ocrx_word' id='word_1_176' title='bbox 838 2731 902 2781; x_wconf 72' lang='lat' dir='ltr'>seq,</span> <span class='ocrx_word' id='word_1_177' title='bbox 921 2717 965 2764; x_wconf 91' lang='lat' dir='ltr'>cui</span> <span class='ocrx_word' id='word_1_178' title='bbox 981 2715 1130 2764; x_wconf 89' lang='lat' dir='ltr'>Bursianus</span> <span class='ocrx_word' id='word_1_179' title='bbox 1143 2742 1174 2750; x_wconf 95' lang='lat'><strong>—</strong></span> <span class='ocrx_word' id='word_1_180' title='bbox 1189 2716 1267 2763; x_wconf 84' lang='lat' dir='ltr'>mira-</span> 
     </span>
     <span class='ocr_line' id='line_1_18' title="bbox 61 2801 1267 2856; baseline -0.006 0"><span class='ocrx_word' id='word_1_181' title='bbox 61 2805 121 2856; x_wconf 90' lang='lat' dir='ltr'>bile</span> <span class='ocrx_word' id='word_1_182' title='bbox 145 2803 221 2853; x_wconf 83' lang='lat' dir='ltr'>dictu</span> <span class='ocrx_word' id='word_1_183' title='bbox 240 2833 273 2841; x_wconf 94' lang='lat'>-</span> <span class='ocrx_word' id='word_1_184' title='bbox 292 2819 346 2853; x_wconf 93' lang='lat' dir='ltr'>non</span> <span class='ocrx_word' id='word_1_185' title='bbox 369 2818 493 2854; x_wconf 83' lang='lat' dir='ltr'>assensus</span> <span class='ocrx_word' id='word_1_186' title='bbox 519 2810 559 2853; x_wconf 85' lang='lat' dir='ltr'>est</span> <span class='ocrx_word' id='word_1_187' title='bbox 582 2803 707 2854; x_wconf 85' lang='lat' dir='ltr'>Jahresb.</span> <span class='ocrx_word' id='word_1_188' title='bbox 732 2803 799 2851; x_wconf 83' lang='lat' dir='ltr'>tiber</span> <span class='ocrx_word' id='word_1_189' title='bbox 822 2802 866 2851; x_wconf 89' lang='lat' dir='ltr'>die</span> <span class='ocrx_word' id='word_1_190' title='bbox 885 2801 1019 2851; x_wconf 84' lang='lat' dir='ltr'>Fortschr.</span> <span class='ocrx_word' id='word_1_191' title='bbox 1043 2801 1066 2850; x_wconf 88' lang='lat' dir='ltr'>d.</span> <span class='ocrx_word' id='word_1_192' title='bbox 1086 2801 1267 2850; x_wconf 81' lang='lat' dir='ltr'>Altertumsw.</span> 
     </span>
     <span class='ocr_line' id='line_1_19' title="bbox 63 2888 1266 2956; baseline -0.006 -14"><span class='ocrx_word' id='word_1_193' title='bbox 63 2892 136 2942; x_wconf 89' lang='grc'>1880</span> <span class='ocrx_word' id='word_1_194' title='bbox 154 2890 182 2938; x_wconf 94' lang='lat' dir='ltr'>II</span> <span class='ocrx_word' id='word_1_195' title='bbox 205 2907 231 2956; x_wconf 90' lang='lat' dir='ltr'>p.</span> <span class='ocrx_word' id='word_1_196' title='bbox 257 2892 314 2939; x_wconf 83' lang='lat'>130.</span> <span class='ocrx_word' id='word_1_197' title='bbox 339 2896 368 2939; x_wconf 82' lang='lat' dir='ltr'>at</span> <span class='ocrx_word' id='word_1_198' title='bbox 389 2897 463 2940; x_wconf 89' lang='lat' dir='ltr'>recte</span> <span class='ocrx_word' id='word_1_199' title='bbox 486 2906 528 2940; x_wconf 88' lang='lat' dir='ltr'>me</span> <span class='ocrx_word' id='word_1_200' title='bbox 552 2891 685 2940; x_wconf 86' lang='lat' dir='ltr'>iudicasse</span> <span class='ocrx_word' id='word_1_201' title='bbox 709 2906 742 2939; x_wconf 85' lang='lat' dir='ltr'>ex</span> <span class='ocrx_word' id='word_1_202' title='bbox 765 2889 815 2938; x_wconf 82' lang='lat' dir='ltr'>liae</span> <span class='ocrx_word' id='word_1_203' title='bbox 841 2890 960 2938; x_wconf 85' lang='lat' dir='ltr'>editione</span> <span class='ocrx_word' id='word_1_204' title='bbox 988 2889 1074 2936; x_wconf 86' lang='lat' dir='ltr'>cuivis</span> <span class='ocrx_word' id='word_1_205' title='bbox 1099 2888 1266 2952; x_wconf 84' lang='lat' dir='ltr'>exploratum</span> 
     </span>
     <span class='ocr_line' id='line_1_20' title="bbox 62 2975 1267 3042; baseline -0.006 -13"><span class='ocrx_word' id='word_1_206' title='bbox 62 2981 125 3030; x_wconf 87' lang='lat' dir='ltr'>erit.</span> <span class='ocrx_word' id='word_1_207' title='bbox 156 2977 269 3027; x_wconf 88' lang='lat' dir='ltr'>duorum</span> <span class='ocrx_word' id='word_1_208' title='bbox 292 2977 446 3042; x_wconf 89' lang='lat' dir='ltr'>pluriumve</span> <span class='ocrx_word' id='word_1_209' title='bbox 476 2978 599 3027; x_wconf 89' lang='lat' dir='ltr'>codicum</span> <span class='ocrx_word' id='word_1_210' title='bbox 623 2993 639 3027; x_wconf 89' lang='lat' dir='ltr'>a</span> <span class='ocrx_word' id='word_1_211' title='bbox 662 2991 682 3026; x_wconf 84' lang='grc' dir='ltr'><strong><em>τ</em></strong></span> <span class='ocrx_word' id='word_1_212' title='bbox 705 2978 835 3026; x_wconf 86' lang='lat' dir='ltr'>rationem</span> <span class='ocrx_word' id='word_1_213' title='bbox 860 2975 979 3024; x_wconf 86' lang='lat' dir='ltr'>habitam</span> <span class='ocrx_word' id='word_1_214' title='bbox 1004 2989 1061 3023; x_wconf 86' lang='lat' dir='ltr'>esse</span> <span class='ocrx_word' id='word_1_215' title='bbox 1085 2989 1117 3023; x_wconf 88' lang='lat' dir='ltr'>ex</span> <span class='ocrx_word' id='word_1_216' title='bbox 1142 2990 1173 3023; x_wconf 91' lang='lat' dir='ltr'>eo</span> <span class='ocrx_word' id='word_1_217' title='bbox 1197 2975 1267 3038; x_wconf 90' lang='lat' dir='ltr'>quis-</span> 
     </span>
     <span class='ocr_line' id='line_1_21' title="bbox 61 3061 1266 3131; baseline -0.007 -16"><span class='ocrx_word' id='word_1_218' title='bbox 61 3067 140 3131; x_wconf 81' lang='lat' dir='ltr'>piam</span> <span class='ocrx_word' id='word_1_219' title='bbox 164 3064 291 3129; x_wconf 82' lang='lat' dir='ltr'>cognosci</span> <span class='ocrx_word' id='word_1_220' title='bbox 315 3063 465 3126; x_wconf 88' lang='lat' dir='ltr'>crediderit,</span> <span class='ocrx_word' id='word_1_221' title='bbox 489 3064 562 3128; x_wconf 91' lang='lat' dir='ltr'>quod</span> <span class='ocrx_word' id='word_1_222' title='bbox 585 3064 756 3124; x_wconf 88' lang='lat' dir='ltr'>lectionibus,</span> <span class='ocrx_word' id='word_1_223' title='bbox 781 3077 847 3125; x_wconf 88' lang='lat' dir='ltr'>quas</span> <span class='ocrx_word' id='word_1_224' title='bbox 869 3064 897 3110; x_wconf 90' lang='lat' dir='ltr'>in</span> <span class='ocrx_word' id='word_1_225' title='bbox 923 3063 1043 3126; x_wconf 87' lang='lat' dir='ltr'>margine</span> <span class='ocrx_word' id='word_1_226' title='bbox 1062 3073 1082 3110; x_wconf 84' lang='grc' dir='ltr'><em>τ</em></span> <span class='ocrx_word' id='word_1_227' title='bbox 1104 3061 1266 3126; x_wconf 82' lang='lat' dir='ltr'>perscripsit,</span> 
     </span>
     <span class='ocr_line' id='line_1_22' title="bbox 62 3147 1267 3218; baseline -0.008 -14"><span class='ocrx_word' id='word_1_228' title='bbox 62 3166 148 3218; x_wconf 87' lang='lat' dir='ltr'>saepe</span> <span class='ocrx_word' id='word_1_229' title='bbox 167 3151 200 3200; x_wconf 69' lang='lat' dir='ltr'>al*</span> <span class='ocrx_word' id='word_1_230' title='bbox 223 3150 252 3214; x_wconf 91' lang='lat' dir='ltr'>(i.</span> <span class='ocrx_word' id='word_1_231' title='bbox 266 3165 289 3200; x_wconf 92' lang='lat' dir='ltr'>e.</span> <span class='ocrx_word' id='word_1_232' title='bbox 303 3151 389 3215; x_wconf 79' lang='lat' dir='ltr'>aliter)</span> <span class='ocrx_word' id='word_1_233' title='bbox 409 3150 452 3200; x_wconf 90' lang='lat' dir='ltr'>vel</span> <span class='ocrx_word' id='word_1_234' title='bbox 471 3152 487 3200; x_wconf 69' lang='grc' dir='ltr'>ι’</span> <span class='ocrx_word' id='word_1_235' title='bbox 509 3152 534 3214; x_wconf 87' lang='lat' dir='ltr'>(i.</span> <span class='ocrx_word' id='word_1_236' title='bbox 550 3165 572 3201; x_wconf 89' lang='lat' dir='ltr'>e.</span> <span class='ocrx_word' id='word_1_237' title='bbox 591 3152 639 3214; x_wconf 84' lang='lat' dir='ltr'>vel)</span> <span class='ocrx_word' id='word_1_238' title='bbox 659 3151 778 3200; x_wconf 86' lang='lat' dir='ltr'>additum</span> <span class='ocrx_word' id='word_1_239' title='bbox 800 3155 847 3198; x_wconf 89' lang='lat' dir='ltr'>est.</span> <span class='ocrx_word' id='word_1_240' title='bbox 871 3149 1000 3213; x_wconf 90' lang='lat' dir='ltr'>pleraque</span> <span class='ocrx_word' id='word_1_241' title='bbox 1018 3148 1052 3196; x_wconf 86' lang='lat' dir='ltr'>ab</span> <span class='ocrx_word' id='word_1_242' title='bbox 1072 3147 1165 3196; x_wconf 86' lang='lat' dir='ltr'>eedem</span> <span class='ocrx_word' id='word_1_243' title='bbox 1184 3160 1267 3195; x_wconf 87' lang='lat' dir='ltr'>manu</span> 
     </span>
     <span class='ocr_line' id='line_1_23' title="bbox 63 3233 1266 3302; baseline -0.009 -12"><span class='ocrx_word' id='word_1_244' title='bbox 63 3238 163 3290; x_wconf 87' lang='lat' dir='ltr'>eodem</span> <span class='ocrx_word' id='word_1_245' title='bbox 183 3242 332 3287; x_wconf 84' lang='lat' dir='ltr'>atramento</span> <span class='ocrx_word' id='word_1_246' title='bbox 352 3239 452 3302; x_wconf 89' lang='lat' dir='ltr'>scripta</span> <span class='ocrx_word' id='word_1_247' title='bbox 470 3243 545 3298; x_wconf 84' lang='lat' dir='ltr'>sunt;</span> <span class='ocrx_word' id='word_1_248' title='bbox 565 3251 634 3302; x_wconf 89' lang='lat' dir='ltr'>quae</span> <span class='ocrx_word' id='word_1_249' title='bbox 650 3252 711 3286; x_wconf 89' lang='lat' dir='ltr'>vero</span> <span class='ocrx_word' id='word_1_250' title='bbox 731 3238 758 3284; x_wconf 88' lang='lat' dir='ltr'>in</span> <span class='ocrx_word' id='word_1_251' title='bbox 771 3237 829 3301; x_wconf 89' lang='lat' dir='ltr'>ipso</span> <span class='ocrx_word' id='word_1_252' title='bbox 843 3241 919 3284; x_wconf 85' lang='lat' dir='ltr'>textu</span> <span class='ocrx_word' id='word_1_253' title='bbox 932 3239 1051 3283; x_wconf 85' lang='lat' dir='ltr'>correcta</span> <span class='ocrx_word' id='word_1_254' title='bbox 1064 3233 1106 3282; x_wconf 90' lang='lat' dir='ltr'>vel</span> <span class='ocrx_word' id='word_1_255' title='bbox 1127 3235 1154 3281; x_wconf 92' lang='lat' dir='ltr'>in</span> <span class='ocrx_word' id='word_1_256' title='bbox 1168 3233 1266 3281; x_wconf 88' lang='lat' dir='ltr'>rasuris</span> 
     </span>
     <span class='ocr_line' id='line_1_24' title="bbox 63 3316 1267 3390; baseline -0.008 -14"><span class='ocrx_word' id='word_1_257' title='bbox 63 3327 168 3390; x_wconf 83' lang='lat' dir='ltr'>scripta</span> <span class='ocrx_word' id='word_1_258' title='bbox 191 3324 327 3390; x_wconf 84' lang='lat' dir='ltr'>leguntur,</span> <span class='ocrx_word' id='word_1_259' title='bbox 353 3339 386 3374; x_wconf 86' lang='lat' dir='ltr'>ea</span> <span class='ocrx_word' id='word_1_260' title='bbox 408 3324 443 3373; x_wconf 83' lang='lat' dir='ltr'>ad</span> <span class='ocrx_word' id='word_1_261' title='bbox 466 3324 550 3374; x_wconf 87' lang='lat' dir='ltr'>alium</span> <span class='ocrx_word' id='word_1_262' title='bbox 579 3328 755 3372; x_wconf 84' lang='lat' dir='ltr'>correctorem</span> <span class='ocrx_word' id='word_1_263' title='bbox 776 3321 827 3386; x_wconf 73' lang='lat' dir='ltr'>(c2)</span> <span class='ocrx_word' id='word_1_264' title='bbox 852 3337 939 3385; x_wconf 89' lang='lat' dir='ltr'>aeque</span> <span class='ocrx_word' id='word_1_265' title='bbox 962 3325 1098 3370; x_wconf 84' lang='lat' dir='ltr'>vetustum</span> <span class='ocrx_word' id='word_1_266' title='bbox 1126 3316 1267 3369; x_wconf 83' lang='lat' dir='ltr'>referenda</span> 
     </span>
     <span class='ocr_line' id='line_1_25' title="bbox 62 3406 1267 3476; baseline -0.007 -14"><span class='ocrx_word' id='word_1_267' title='bbox 62 3413 194 3462; x_wconf 87' lang='lat' dir='ltr'>videntur</span> <span class='ocrx_word' id='word_1_268' title='bbox 207 3426 273 3472; x_wconf 88' lang='lat' dir='ltr'>esse,</span> <span class='ocrx_word' id='word_1_269' title='bbox 292 3412 340 3476; x_wconf 90' lang='lat' dir='ltr'>qui</span> <span class='ocrx_word' id='word_1_270' title='bbox 352 3416 501 3460; x_wconf 85' lang='lat' dir='ltr'>atramento</span> <span class='ocrx_word' id='word_1_271' title='bbox 517 3410 615 3460; x_wconf 89' lang='lat' dir='ltr'>diversi</span> <span class='ocrx_word' id='word_1_272' title='bbox 629 3410 726 3459; x_wconf 87' lang='lat' dir='ltr'>coloris</span> <span class='ocrx_word' id='word_1_273' title='bbox 738 3409 872 3458; x_wconf 85' lang='lat' dir='ltr'>utebatur.</span> <span class='ocrx_word' id='word_1_274' title='bbox 893 3423 962 3472; x_wconf 89' lang='lat' dir='ltr'>quae</span> <span class='ocrx_word' id='word_1_275' title='bbox 975 3421 1070 3456; x_wconf 89' lang='lat' dir='ltr'>manus</span> <span class='ocrx_word' id='word_1_276' title='bbox 1083 3406 1267 3455; x_wconf 84' lang='lat' dir='ltr'>recentissima</span> 
     </span>
     <span class='ocr_line' id='line_1_26' title="bbox 63 3493 1267 3563; baseline -0.007 -13"><span class='ocrx_word' id='word_1_277' title='bbox 63 3498 207 3550; x_wconf 90' lang='lat' dir='ltr'>nonnullis</span> <span class='ocrx_word' id='word_1_278' title='bbox 219 3499 286 3548; x_wconf 90' lang='lat' dir='ltr'>locis</span> <span class='ocrx_word' id='word_1_279' title='bbox 296 3499 446 3563; x_wconf 83' lang='lat' dir='ltr'>adscripsit,</span> <span class='ocrx_word' id='word_1_280' title='bbox 456 3514 489 3548; x_wconf 88' lang='lat' dir='ltr'>ea</span> <span class='ocrx_word' id='word_1_281' title='bbox 499 3497 616 3563; x_wconf 83' lang='lat' dir='ltr'>neglexi,</span> <span class='ocrx_word' id='word_1_282' title='bbox 630 3513 690 3546; x_wconf 91' lang='lat' dir='ltr'>cum</span> <span class='ocrx_word' id='word_1_283' title='bbox 705 3497 776 3546; x_wconf 90' lang='lat' dir='ltr'>haud</span> <span class='ocrx_word' id='word_1_284' title='bbox 789 3495 870 3545; x_wconf 88' lang='lat' dir='ltr'>dubie</span> <span class='ocrx_word' id='word_1_285' title='bbox 883 3510 916 3544; x_wconf 83' lang='lat' dir='ltr'>ex</span> <span class='ocrx_word' id='word_1_286' title='bbox 930 3494 1093 3544; x_wconf 85' lang='lat' dir='ltr'>editionibus</span> <span class='ocrx_word' id='word_1_287' title='bbox 1106 3495 1134 3541; x_wconf 92' lang='lat' dir='ltr'>in</span> <span class='ocrx_word' id='word_1_288' title='bbox 1147 3493 1267 3542; x_wconf 85' lang='lat' dir='ltr'>codicem</span> 
     </span>
     <span class='ocr_line' id='line_1_27' title="bbox 62 3583 1268 3648; baseline -0.007 -12"><span class='ocrx_word' id='word_1_289' title='bbox 62 3585 199 3638; x_wconf 84' lang='lat' dir='ltr'>translata</span> <span class='ocrx_word' id='word_1_290' title='bbox 211 3587 273 3635; x_wconf 86' lang='lat' dir='ltr'>sint.</span> <span class='ocrx_word' id='word_1_291' title='bbox 293 3591 411 3635; x_wconf 87' lang='lat' dir='ltr'>ceterum</span> <span class='ocrx_word' id='word_1_292' title='bbox 425 3591 499 3634; x_wconf 87' lang='lat' dir='ltr'>recte</span> <span class='ocrx_word' id='word_1_293' title='bbox 509 3599 601 3633; x_wconf 89' lang='lat' dir='ltr'>omnes</span> <span class='ocrx_word' id='word_1_294' title='bbox 615 3599 728 3644; x_wconf 86' lang='lat' dir='ltr'>rasuras,</span> <span class='ocrx_word' id='word_1_295' title='bbox 742 3584 839 3648; x_wconf 91' lang='lat' dir='ltr'>quibus</span> <span class='ocrx_word' id='word_1_296' title='bbox 851 3583 924 3646; x_wconf 91' lang='lat' dir='ltr'>prior</span> <span class='ocrx_word' id='word_1_297' title='bbox 937 3583 1068 3645; x_wconf 86' lang='lat' dir='ltr'>scriptura</span> <span class='ocrx_word' id='word_1_298' title='bbox 1081 3585 1201 3630; x_wconf 83' lang='lat' dir='ltr'>correcta</span> <span class='ocrx_word' id='word_1_299' title='bbox 1219 3584 1268 3643; x_wconf 88' lang='lat' dir='ltr'>est,</span> 
     </span>
     <span class='ocr_line' id='line_1_28' title="bbox 63 3668 1270 3737; baseline -0.009 -12"><span class='ocrx_word' id='word_1_300' title='bbox 63 3675 102 3725; x_wconf 85' lang='lat' dir='ltr'>ad</span> <span class='ocrx_word' id='word_1_301' title='bbox 120 3685 141 3724; x_wconf 78' lang='grc' dir='ltr'><strong>τ</strong></span> <span class='ocrx_word' id='word_1_302' title='bbox 158 3672 258 3723; x_wconf 86' lang='lat' dir='ltr'>relatas</span> <span class='ocrx_word' id='word_1_303' title='bbox 283 3686 340 3722; x_wconf 85' lang='lat' dir='ltr'>esse</span> <span class='ocrx_word' id='word_1_304' title='bbox 359 3674 420 3737; x_wconf 85' lang='lat' dir='ltr'>quis</span> <span class='ocrx_word' id='word_1_305' title='bbox 439 3672 529 3722; x_wconf 85' lang='lat' dir='ltr'>dicat?</span> <span class='ocrx_word' id='word_1_306' title='bbox 552 3679 581 3721; x_wconf 89' lang='lat' dir='ltr'>at</span> <span class='ocrx_word' id='word_1_307' title='bbox 599 3687 659 3720; x_wconf 88' lang='lat' dir='ltr'>eum</span> <span class='ocrx_word' id='word_1_308' title='bbox 679 3683 699 3720; x_wconf 84' lang='grc' dir='ltr'><em>τ</em></span> <span class='ocrx_word' id='word_1_309' title='bbox 717 3671 779 3720; x_wconf 86' lang='lat' dir='ltr'>data</span> <span class='ocrx_word' id='word_1_310' title='bbox 802 3684 885 3735; x_wconf 88' lang='lat' dir='ltr'>opera</span> <span class='ocrx_word' id='word_1_311' title='bbox 907 3671 935 3717; x_wconf 89' lang='lat' dir='ltr'>iu</span> <span class='ocrx_word' id='word_1_312' title='bbox 960 3668 1128 3718; x_wconf 86' lang='lat' dir='ltr'>emendando</span> <span class='ocrx_word' id='word_1_313' title='bbox 1147 3670 1270 3716; x_wconf 86' lang='lat' dir='ltr'>versatus</span> 
     </span>
     <span class='ocr_line' id='line_1_29' title="bbox 62 3756 950 3824; baseline -0.006 -14"><span class='ocrx_word' id='word_1_314' title='bbox 62 3763 109 3824; x_wconf 83' lang='lat' dir='ltr'>sit,</span> <span class='ocrx_word' id='word_1_315' title='bbox 124 3760 174 3810; x_wconf 83' lang='lat' dir='ltr'>has</span> <span class='ocrx_word' id='word_1_316' title='bbox 194 3773 303 3824; x_wconf 85' lang='lat' dir='ltr'>quoque</span> <span class='ocrx_word' id='word_1_317' title='bbox 323 3760 380 3809; x_wconf 87' lang='lat' dir='ltr'>eius</span> <span class='ocrx_word' id='word_1_318' title='bbox 399 3765 565 3809; x_wconf 85' lang='lat' dir='ltr'>correcturas</span> <span class='ocrx_word' id='word_1_319' title='bbox 584 3774 642 3808; x_wconf 85' lang='lat' dir='ltr'>esse</span> <span class='ocrx_word' id='word_1_320' title='bbox 661 3764 735 3808; x_wconf 88' lang='lat' dir='ltr'>certe</span> <span class='ocrx_word' id='word_1_321' title='bbox 754 3756 882 3806; x_wconf 88' lang='lat' dir='ltr'>credibile</span> <span class='ocrx_word' id='word_1_322' title='bbox 902 3761 950 3805; x_wconf 89' lang='lat' dir='ltr'>est.</span> 
     </span>
    </p>
   </div>
   <div class='ocr_carea' id='block_1_4' title="bbox 1082 3857 1114 3913">
    <p class='ocr_par' dir='ltr' id='par_1_4' title="bbox 1082 3857 1114 3913">
     <span class='ocr_line' id='line_1_30' title="bbox 1082 3857 1114 3913; baseline 0 -30"><span class='ocrx_word' id='word_1_323' title='bbox 1082 3857 1114 3913; x_wconf 56' lang='lat' dir='ltr'>b*</span> 
     </span>
    </p>
   </div>
   <div class='ocr_carea' id='block_1_5' title="bbox 0 0 1385 4110">
    <p class='ocr_par' dir='ltr' id='par_1_5' title="bbox 0 0 1385 4110">
     <span class='ocr_line' id='line_1_31' title="bbox 0 0 1385 4110; baseline 0 0"><span class='ocrx_word' id='word_1_324' title='bbox 0 0 1385 4110; x_wconf 95' lang='lat' dir='ltr'> </span> 
     </span>
    </p>
   </div>
  </div>
 </body>
</html>
