2760 4110
133 141 198 205 594

166 317 336 381 praepotenti
358 321 423 365 tunc
441 316 477 365 M.
496 315 631 382 Agrippae
646 331 704 366 non

166 403 302 452 defuerint
323 403 370 468 qui
392 401 591 467 ignobilitatem
610 419 703 470 expro-

136 522 140 526 -
166 491 276 539 brarent
296 490 353 551 160,
368 492 396 551 1,
422 489 562 555 eleganter
585 491 652 540 dixit
670 489 703 540 de

166 577 196 625 L.
220 560 411 637 9151515174,
430 577 477 641 20,
509 592 569 626 cum
597 582 702 626 mortuo

166 665 195 711 iu
214 664 291 726 Syria
312 662 342 712 C.
360 662 475 712 Caesare
496 677 544 728 per
565 663 703 713 codicillos

167 756 278 815 questus
296 754 374 811 esset,
392 755 424 799 ut
436 755 493 800 erat
511 765 569 799 mos
587 749 703 800 clemen·

166 838 267 886 tissime
290 838 356 897 viro,
380 851 435 885 non
457 837 575 887 civiliter
597 842 703 887 tautum

167 924 307 973 sedetiam
326 923 501 986 familiariter,
521 925 593 989 qnod
607 925 636 973 in
648 929 702 974 tam

166 1026 265 1076 magno
285 1015 313 1060 51
331 1011 433 1060 recenti
452 1011 528 1060 luctu
551 1026 599 1060 suo
622 1011 703 1060 homo

167 1099 319 1146 carissimus
328 1097 379 1146 sibi
390 1096 509 1161 (Asinius
515 1096 612 1160 Pollio)
623 1097 704 1162 pleno

167 1185 293 1232 convivio
307 1190 436 1246 cenasset,
455 1186 591 1250 rescripsit
603 1184 704 1235 Pollio:

167 1267 209 1320 ‘eo
228 1271 271 1320 die
290 1271 394 1332 cenavi,
413 1286 467 1336 quo
485 1271 599 1329 Herium
617 1270 705 1321 filium

167 1355 252 1406 amisi'
266 1359 326 1419 226,
340 1359 369 1420 9,
388 1358 421 1407 de
434 1357 464 1418 Q.
478 1358 591 1408 Haterio
604 1360 705 1423 optime

167 1443 246 1494 dixit:
266 1437 403 1494 ‘Haterius
416 1451 506 1494 noster
522 1445 704 1495 sufflaminan-

167 1530 217 1580 dus
240 1528 290 1581 est'
313 1532 436 1594 227,11,
459 1531 531 1596 apud
553 1547 615 1582 eum
638 1532 705 1581 dixit

167 1619 264 1667 Varius
283 1617 413 1668 Geminus
432 1620 492 1680 265,
505 1620 533 1681 9,
558 1619 642 1669 Gavio
665 1620 705 1668 Si·

167 1704 237 1766 loni,
262 1720 323 1755 cnm
347 1720 408 1755 eum
433 1706 589 1771 frequenter
611 1722 705 1756 causas

168 1798 295 1856 agentem
322 1795 351 1841 in
378 1793 574 1843 Tarraconensi
598 1793 705 1843 colonia

168 1878 295 1941 audisset,
314 1879 425 1944 plenum
444 1881 627 1930 testimonium
647 1878 704 1928 red·

167 1964 247 2027 didit,
266 1965 334 2015 dixit
347 1969 430 2015 enim:
444 1963 600 2031 ‘numquam
613 1967 705 2016 audivi

167 2057 269 2115 patrem
282 2052 403 2102 familiae
415 2050 591 2103 disertiorem'
604 2055 664 2115 454,
675 2054 704 2115 9,

167 2137 278 2187 Cratoni
302 2139 432 2188 talentum
455 2139 575 2189 Atticum
593 2140 706 2189 donavit

167 2228 226 2287 502,
247 2228 292 2287 12,
316 2225 460 2275 Cratouem
484 2241 629 2291 numquam
653 2228 704 2275 nisi

167 2327 259 2362 meuse
277 2313 420 2363 Decembri
439 2312 566 2362 audiebat
584 2316 643 2374 502,
660 2316 704 2376 14,

167 2399 268 2449 Craton
286 2400 319 2449 ab
339 2415 370 2450 55
390 2401 517 2449 Passieno
536 2400 704 2449 commenda-

167 2492 210 2534 tus
228 2491 331 2536 estnec
345 2489 449 2536 curavit
466 2488 585 2548 502,16,
604 2486 704 2536 Craton

166 2576 238 2639 apud
251 2591 312 2624 eum
326 2590 386 2623 cum
398 2575 547 2639 Timagene
560 2574 705 2639 confligere

167 2661 271 2711 solebat
290 2663 348 2722 503,
365 2664 391 2723 1,
410 2662 572 2726 Timagenes
584 2676 617 2711 ex
630 2661 704 2711 lecti-

168 2749 239 2797 cario
250 2763 336 2812 usque
346 2750 374 2796 in
384 2749 530 2797 amicitiam
541 2750 599 2798 eius
609 2750 705 2798 enixus

167 2840 208 2883 est
227 2837 286 2894 503,
300 2839 329 2895 4,
353 2835 444 2883 multis
463 2835 496 2884 de
515 2835 602 2884 causis
621 2837 705 2885 iratus

167 2922 309 2985 Timageni
334 2922 472 2971 interdixit
496 2921 572 2971 domo
596 2923 656 2984 503,
675 2925 705 2985 6,

167 3022 255 3057 rernm
287 3007 320 3056 ab
352 3023 383 3057 55
414 3016 550 3073 gestarum
581 3009 705 3058 historias

167 3095 329 3159 Timagenes
359 3096 477 3160 scripsit,
508 3102 601 3160 postea
636 3112 705 3146 oom-

167 3181 253 3230 bussit
271 3183 330 3243 503,
345 3183 368 3230 6.

133 3265 245 3320 Caesar
257 3267 298 3330 (C.
306 3268 424 3330 Caesar),
436 3268 613 3334 M.Agrippae
625 3269 705 3332 filius,

168 3356 201 3404 ab
225 3357 347 3419 Augusto
375 3356 519 3421 adoptatus
543 3358 601 3418 159,
620 3359 648 3418 6,
676 3359 704 3405 111

168 3443 246 3506 Syria
264 3456 326 3491 euru
345 3448 479 3492 mortuum
499 3457 556 3492 esse
575 3441 641 3491 dicit
659 3442 704 3492 Se-

168 3530 350 3589 1155112269,

133 3611 245 3666 Caesar
255 3616 296 3679 (L.
308 3615 426 3680 Caesar),
439 3617 474 3665 M.
482 3616 615 3681 Agrippae
624 3615 704 3677 filius,

167 3703 200 3751 ab
219 3702 341 3766 Augusto
359 3702 502 3766 adoptatus
523 3704 580 3764 159,
593 3705 616 3751 6.

133 3783 246 3840 Caesar
256 3788 393 3854 (Tiberius
407 3788 515 3859 Caesar)
529 3792 588 3855 412,
601 3791 631 3855 9,
648 3790 706 3840 eius

669 159 792 210 INDEX.

791 331 881 367 comes
894 317 945 366 fuit
957 315 1044 367 Iulius
1053 316 1210 366 Montanus
1223 319 1335 380 288,11,

791 402 864 469 apud
876 418 937 453 eum
950 403 1073 452 Vinicius
1086 405 1235 454 accusavit
1248 406 1336 455 Votie-

791 505 856 539 num
880 490 1038 539 Montanum
1063 504 1080 539 a
1104 489 1220 540 colonia
1239 491 1336 541 Narbo·

792 578 869 626 nensi
897 581 1006 642 rogatus
1033 578 1100 639 311,
1125 579 1157 641 3,
1194 577 1338 629 Cretenses

792 664 894 727 precati
913 663 1021 714 Caesari
1040 664 1184 729 petebant,
1205 670 1238 714 nt
1257 665 1338 720 Asilio

792 750 892 801 Sabino
902 750 1046 799 maximum
1061 751 1257 816 magistratum
1271 753 1339 817 apud

791 851 820 886 se
838 852 932 902 gerere
949 837 1045 887 liceret
1066 839 1127 898 412,
1145 839 1178 900 3,
1205 836 1340 889 Gallionis

791 923 879 972 facete
893 924 993 974 dictum
1007 924 1040 974 de
1053 925 1170 974 Haterio
1189 926 1267 990 apud
1281 940 1339 976 51111

792 1012 851 1072 550,
870 1012 899 1072 9,
926 1010 1100 1060 Theodoreus
1122 1012 1178 1061 init
1208 1015 1273 1076 550,
1299 1016 1339 1075 13,

792 1095 895 1146 Nicetis
922 1098 1033 1163 ingenio
1056 1097 1254 1149 offendebatur
1284 1101 1339 1163 550,

796 1185 840 1246 14,
859 1184 967 1234 deeius
986 1190 1071 1234 morte
1090 1186 1150 1247 585,
1169 1188 1210 1236 16.

758 1265 863 1321 Caieta
881 1272 977 1332 scafe.

759 1347 885 1409 Calchas
903 1359 963 1420 546,
976 1360 999 1407 9.
1020 1359 1079 1421 548,
1091 1360 1136 1407 re.

758 1439 872 1495 Callias
891 1443 966 1493 dives
984 1445 1090 1495 sordide
1102 1452 1197 1509 natus,
1217 1448 1338 1500 Cimonis

793 1533 946 1594 55551373,
966 1533 980 1579 7
998 1546 1066 1596 555,
1087 1530 1202 1592 Καλλίας
1223 1538 1337 1598 379,19.

793 1619 852 1681 380,
868 1621 888 1667 1.
909 1620 968 1680 381,
982 1621 1022 1668 20.

759 1701 962 1758 Callimachus
981 1707 1040 1768 374,
1055 1709 1077 1756 6.

759 1788 961 1844 Callisthenes
970 1794 1097 1842 amitinus
1107 1793 1270 1846 Aristotelis
1282 1799 1336 1858 523,

795 1880 840 1940 10,
855 1893 916 1928 eum
930 1880 1048 1928 5551511111
1061 1894 1120 1930 5555
1132 1882 1168 1932 ab
1182 1883 1336 1934 Alexandro

793 1967 892 2031 Magno
903 1965 1006 2016 Seneca
1016 1966 1081 2016 dicit
1093 1967 1128 2016 ad
1138 1967 1336 2022 Callisthenem

793 2053 919 2113 referens,
937 2053 1009 2118 quod
1022 2052 1093 2103 Clito
1106 2055 1210 2106 accidit
1223 2060 1286 2119 523,
1302 2060 1335 2108 11.

760 2136 868 2190 Calvus
888 2156 911 2188 v.
932 2140 1060 2189 Licinius.

760 2222 905 2277 Camillus
925 2242 948 2275 v,
969 2228 1074 2275 Furius.

759 2309 877 2364 Canidii
895 2314 954 2373 576,
971 2315 1008 2362 18.

759 2395 933 2450 Cannensis.
957 2399 1093 2449 Proelium
1113 2403 1173 2464 252,
1195 2407 1241 2466 14,
1262 2408 1335 2454 ruina

793 2487 888 2547 405,1.

759 2568 877 2636 Capite.
904 2573 1034 2622 Amabam
1059 2574 1231 2640 Capitonem,
1261 2582 1333 2629 cuius

793 2659 953 2708 declamatio
979 2666 1020 2709 est
1047 2662 1080 2710 de
1107 2663 1235 2728 Popillio,
1267 2681 1332 2732 quae

793 2748 890 2795 misero
903 2747 1014 2796 Latroni
1034 2748 1177 2799 subicitur:
1198 2753 1332 2802 bonafide

793 2832 969 2882 scholasticus
992 2841 1057 2897 erat,
1081 2837 1109 2884 in
1132 2837 1173 2886 his
1200 2838 1332 2890 declama·

793 2921 926 2982 tionibus,
950 2936 1020 2986 quae
1042 2922 1112 2972 bene
1136 2925 1161 2972 ei
1185 2932 1332 2988 cesserunt,

794 3006 861 3056 nulli
885 3023 939 3056 non
962 3015 1022 3074 post
1040 3010 1155 3073 primum
1181 3014 1331 3064 tetradeum

794 3094 983 3158 praeferendus
1002 3097 1116 3155 453,12.

848 3181 1004 3232 Sententiae:
1022 3184 1081 3244 292,
1096 3185 1119 3231 7.
1138 3185 1256 3246 385,1c.

760 3265 942 3333 Capitolium
961 3284 1026 3318 auro
1045 3285 1110 3333 puro
1130 3270 1239 3335 fulgens
1264 3273 1332 3322 fasti⁴

794 3357 864 3421 gatis
882 3372 962 3421 supra
981 3356 1059 3406 tectis
1072 3355 1213 3421 praelucet
1232 3361 1333 3422 65,12,

794 3448 917 3492 auratum
934 3445 989 3504 106,
1003 3443 1031 3505 8,
1051 3443 1116 3492 55111
1129 3445 1291 3498 etiamnunc
1308 3450 1333 3497 in

795 3529 929 3596 Capitolio
948 3545 1035 3580 casam
1057 3530 1103 3594 (55.
1114 3531 1236 3598 1151111111)
1249 3536 1334 3584 victor

794 3618 912 3665 omnium
930 3618 1051 3682 gentium
1065 3617 1181 3682 populus
1195 3620 1334 3672 Romanus

796 3706 853 3764 108,
867 3706 890 3752 8.

760 3787 926 3854 Cappadox
943 3790 1109 3856 Glaucippus
1129 3794 1188 3855 395,
1204 3796 1227 3843 2.
