2760 4110
74 145 138 210 248
578 163 771 214 excurtem
1124 180 1149 229 p.
1168 163 1219 211 au
1238 161 1272 211 x.

73 321 222 404 alligatus
239 329 287 384 est
301 319 382 383 alter
394 320 488 403 filius,
504 322 580 405 quia
592 343 656 385 non
668 319 869 404 revertebar,
884 319 975 403 alter,
991 322 1067 405 quia
1078 317 1168 384 redii.
1185 340 1272 382 num-

74 448 172 510 quam
194 425 299 489 selves
321 425 476 489 fratrem?
501 427 528 488 si
549 425 621 489 talis
642 448 687 508 eS,
710 425 786 489 nihil
810 427 900 489 testis
922 427 1072 489 mentitus
1090 432 1151 488 est:
1175 424 1273 508 parri-

74 528 147 593 cida
163 551 206 593 es.
224 552 288 593 nen
304 531 401 614 impie
416 532 449 594 in
465 540 507 613 te,
523 529 629 594 sedin
645 538 771 615 patrem
785 532 838 615 pio
854 532 960 594 anime
977 529 1071 593 dixit:
1089 536 1273 614 suspectum

73 634 196 718 habuit,
220 634 307 719 qued
329 633 506 720 reliqueras
526 644 660 720 patrem.
689 637 773 698 inter
797 644 927 699 catenas
951 634 1007 698 filii
1031 636 1094 697 mei
1114 636 1204 697 iaceo
1224 654 1273 695 ee-

75 739 150 803 dem
173 738 301 802 clausus
324 739 495 824 ergastule.
519 741 656 824 ingrate,
679 749 794 803 testem
815 749 907 803 tuum
930 738 1023 802 simul
1046 738 1192 822 alligasti.
1311 764 1328 809 ε,

163 844 243 908 Pars
271 843 380 908 altera.
418 845 492 908 Meo
519 845 663 929 periculo
687 845 822 928 salutm,
849 867 921 908 mee
944 842 1092 928 alligatus
1115 845 1172 906 iix
1195 842 1275 906 solvi

73 959 208 1034 peterat,
233 952 257 1012 si
281 952 498 1014 testimonium
520 949 637 1013 falsum
651 972 711 1035 pre
725 950 825 1013 fratre
841 948 984 1012 dixisset.
1008 948 1217 1034 parricidium
1233 946 1275 1010 de

73 1064 165 1140 patre
187 1055 298 1138 finxit,
327 1054 368 1118 de
390 1055 490 1118 fratre
519 1056 684 1118 commisit.
715 1056 843 1118 venisse
870 1063 996 1138 patrem
1022 1053 1100 1117 mihi
1129 1051 1276 1116 carnifex

73 1160 240 1223 nuntiavit.
273 1159 437 1244 parricida
460 1181 530 1222 sum
536 1209 545 1241 ,
574 1161 657 1222 sicut
680 1157 832 1242 obicitur,
855 1159 886 1220 si
908 1156 983 1221 huic
1006 1159 1121 1221 leviter
1143 1159 1274 1220 irascor.

73 1266 210 1347 mirariS,
231 1265 257 1327 si
273 1286 349 1328 eum
367 1264 501 1327 fratrem
520 1262 653 1348 alligare
672 1285 814 1348 possum,
834 1265 888 1348 qui
908 1285 960 1326 me
980 1264 1082 1348 potuit
1102 1260 1275 1325 occidere?
1298 1285 1330 1330 10

74 1370 200 1453 ingrata
229 1377 298 1432 erat
319 1370 389 1453 ipsa
416 1390 540 1453 poenae
563 1391 655 1431 meae
680 1367 801 1432 dilatio:
831 1376 1006 1452 expectare
1033 1368 1165 1451 gravius
1187 1364 1275 1429 vide·

73 1473 171 1538 batur
187 1496 284 1559 quam
303 1475 384 1558 pati3
403 1474 607 1557 imaginabar
621 1473 698 1537 mihi
716 1473 864 1556 culleum,
881 1473 1048 1557 serpentia
1069 1470 1274 1557 profundum.

656 1718 696 1781 V.

397 1873 522 1924 nouus
541 1873 617 1924 evm
636 1873 782 1924 arraona
800 1873 950 1923 axvsrn.

164 1997 227 2077 Qui
244 1998 349 2060 sciens
370 1997 524 2060 damnum
544 1995 679 2078 dederit,
703 1995 919 2080 quadruplum
939 1995 1051 2078 solvat,
1071 1997 1126 2080 qui
1145 1997 1189 2058 in·
1300 2018 1331 2064 15

537 2102 633 2184 sciuS,
658 2099 814 2185 simplum.

208 2207 310 2269 Dives
341 2228 518 2291 pauperem
545 2206 688 2269 vicinum
714 2205 855 2288 rogauit,
885 2214 921 2268 ut
949 2203 1008 2267 sibi
1041 2203 1190 2267 arborem

163 2311 331 2394 venderet,
355 2334 452 2396 quam
475 2309 535 2374 sibi
560 2310 631 2374 dice
640 2308 710 2395 {ibat
733 2308 870 2373 obstare.
896 2333 1019 2395 pauper
1041 2310 1189 2393 negarit3

166 2417 256 2482 dives
279 2416 424 2480 incendit
445 2416 622 2501 platanum,
647 2438 721 2478 cum
743 2438 807 2500 qua
831 2424 862 2478 et
886 2414 998 2478 domus
1022 2416 1108 2478 arsit.
1133 2436 1190 2499 pro

165 2522 282 2587 arbore
305 2521 472 2608 pollicetur
496 2520 727 2606 quadruplum,
750 2542 809 2604 pro
833 2519 927 2582 dome
951 2518 1109 2603 simplum.
1298 2538 1333 2583 ‘30

165 2629 335 2692 Excitatus
351 2627 554 2691 flammarum
570 2647 658 2708 sone,
673 2626 853 2688 vicinorum
868 2625 971 2709 primu
986 2622 1085 2686 fidem
1101 2622 1277 2707 imploravi.

79 2732 176 2796 arbor
207 2734 304 2796 ramis
332 2729 581 2795 excurrentibus
611 2739 710 2793 totam
742 2728 870 2792 domum
902 2737 1038 2790 texerat.
1073 2730 1146 2790 ‘nen
1176 2734 1281 2812 petest

167 2922 311 2991 ΜΡαβνπ
330 2928 340 2973 1
357 2923 479 2989 allegans
488 2929 512 2972 P
524 2920 533 2989 {2
541 2926 632 2988 priore
643 2924 659 2972 1.
673 2920 742 2970 alter
754 2920 777 2983 (t
790 2923 818 2969 ia
830 2919 942 2983 reatui)
956 2925 987 2967 M
998 2916 1007 2985 i
1016 2926 1083 2985 pont.
1097 2916 1175 2984 alter]
1189 2918 1226 2967 aii
1238 2918 1280 2967 M¹

79 3029 145 3061 cerr.
155 3012 199 3060 M²
231 3009 417 3059 reuertebatur
428 3010 536 3075 (pater)
548 3009 617 3059 alter
629 3010 676 3074 qui
688 3009 741 3057 iam
754 3008 834 3057 rediit
847 3021 894 3057 απ
906 3006 909 3065 ζ
928 3009 943 3054 ‘2
956 3006 1046 3056 saluas
1058 3011 1113 3055 MP
1130 3006 1207 3054 selue
1219 3003 1261 3072 sp’
1273 3002 1281 3069 i

80 3099 143 3148 talis
162 3103 203 3147 est
221 3098 242 3146 si
263 3096 346 3145 nichil
365 3096 409 3145 P'
433 3097 548 3145 mentita
565 3100 620 3144 MP
638 3092 647 3161 {i
665 3099 680 3143 3
700 3100 776 3159 patre
794 3108 814 3143 α
836 3090 839 3139 ἶ
868 3096 884 3142 4
909 3093 990 3142 habet
1007 3106 1028 3142 α
1046 3091 1054 3158 l}
1073 3091 1221 3157 reliqueres
1239 3092 1281 3140 1111ι

80 3204 145 3236 cerr.
159 3186 202 3234 M³
218 3185 386 3250 relinqueres
398 3189 445 3233 sn
463 3179 465 3231 !
489 3183 618 3232 cathenas
630 3188 654 3231 P
671 3178 680 3247 ΙΙ
699 3183 714 3230 6
733 3180 838 3230 solutus
855 3181 946 3243 (suin)
964 3195 1024 3229 meo
1042 3192 1091 3229 απ
1135 3183 1150 3227 1)
1170 3181 1226 3228 sicii
1240 3180 1281 3227 M¹

81 3274 232 3337 σπι-,11113Ι
262 3273 344 3321 obicit
362 3276 407 3319 Pa
460 3272 482 3319 si
502 3269 565 3319 add.
584 3270 622 3318 Ba
644 3265 652 3334 11
676 3265 750 3333 huic]
768 3268 821 3329 Mt·
838 3267 890 3316 hoe
909 3272 933 3315 0
957 3302 965 3331 Ι.
992 3270 1022 3315 10
1042 3267 1145 3315 miraris
1167 3283 1214 3315 oar.
1233 3271 1256 3314 P

82 3364 189 3428 putauit
207 3372 255 3411 απ
272 3356 281 3426 ΙΙ
302 3361 332 3408 11
352 3360 463 3424 ingraeo
481 3363 505 3407 P
527 3356 535 3423 Ι“
558 3372 628 3422 pene
650 3374 716 3406 corr.
735 3372 767 3405 ea
790 3356 858 3405 bene
876 3360 900 3403 P
923 3352 931 3421 Η
957 3356 987 3402 12
1013 3355 1145 3419 serpentis
1167 3371 1233 3402 corr.
1252 3371 1284 3402 ca

82 3457 220 3516 serpentes
239 3454 271 3497 Μ
288 3454 440 3513 serpentem
454 3457 481 3496 π
499 3442 507 3512 st
529 3448 559 3494 tt»
572 3443 669 3510 sulvat]
683 3445 811 3509 puniatur
830 3456 857 3492 π
874 3440 882 3509 j}
901 3443 1018 3491 insciens
1031 3447 1071 3490 set
1090 3442 1212 3489 nesciens
1231 3453 1258 3489 π
1276 3442 1279 3489 i

84 3539 115 3586 17
135 3538 185 3587 sibi
204 3554 251 3586 eat.
265 3547 292 3585 π
309 3534 318 3601 {i
338 3537 369 3584 18
388 3535 496 3584 dicebat
514 3551 560 3583 om.
578 3538 616 3595 P;
630 3538 689 3597 pont
708 3531 815 3581 dicebat
832 3546 941 3580 vomenta
958 3531 1070 3593 apetium
1088 3531 1122 3577 25
1141 3530 1284 3577 litterarum

83 3628 111 3674 ia
123 3630 154 3673 Μ
172 3622 181 3671 ΙΙ
202 3626 233 3672 19
246 3623 347 3672 incedit
359 3623 402 3671 11¹
414 3640 480 3671 corr.
494 3622 537 3669 11²
554 3617 562 3687 ΙΙ
581 3620 708 3686 plaanum
721 3624 745 3667 P
763 3616 771 3683 i:
790 3620 824 3667 20
836 3619 896 3681 <et>
908 3632 955 3683 pro
967 3630 988 3666 α
1005 3630 1008 3635 ’
1033 3619 1063 3664 ‘21
1079 3617 1164 3680 prime
1177 3633 1224 3664 om.
1238 3627 1279 3664 πΙ

83 3711 233 3778 imploravi]
254 3710 392 3776 exploraui
411 3712 468 3775 (aui
486 3713 515 3759 in
530 3727 583 3759 raa.
597 3708 651 3765 Mb
665 3714 696 3757 M
715 3707 899 3773 explerauisse
920 3703 1045 3768 (eserici.)
1063 3709 1087 3752 P
1106 3699 1286 3770 exploraui'stsp

73 3800 112 3858 st
129 3800 176 3848 ltu,
196 3802 275 3855 erae.)
295 3812 315 3847 α
331 3794 342 3863 j
360 3800 393 3846 ‘22
413 3798 491 3848 arbor
511 3797 534 3863 (r
552 3814 617 3847 corr.
636 3812 669 3847 ea
687 3795 715 3858 b)
735 3800 758 3844 P
776 3824 785 3861 2.
804 3794 885 3844 ramis
903 3810 950 3842 orn.
969 3806 990 3842 α
