2760 4110
67 230 91 277 p.
112 213 214 261 45211.
536 213 606 262 nm.
621 212 700 261 vnn
728 214 803 261 2-3.
1208 192 1271 255 437

67 368 167 431 iudex
190 367 320 452 probet,
350 368 407 431 sesi
434 378 470 432 ut
498 369 652 451 dimittat3
680 370 789 455 itaque
817 370 863 431 sie
892 391 989 452 egere
1014 367 1171 431 debemus
1194 375 1272 430 tam-

68 495 165 556 quam
188 496 246 558 pre
269 474 355 537 facto
379 496 443 537 nen
469 473 650 555 emendate,
676 473 733 536 sed
757 495 822 536 non
846 473 1012 535 scelerate.
1046 473 1083 535 T.
1101 472 1215 534 Livius
1232 470 1272 534 de

68 578 258 661 oratoribus,
283 580 337 663 qui
359 578 462 641 verba
486 579 618 662 antiqua
642 586 674 641 et
696 577 827 640 sordida
844 585 1071 640 consectantur
1092 586 1123 639 et
1139 577 1273 639 oratoris
1361 610 1364 615 ·

68 682 297 746 obscuritatem
322 685 527 747 severitatem
551 691 682 767 putant:
706 692 814 745 tamen
834 684 866 744 in
883 681 932 743 his
949 683 1073 744 etiamsi
1096 683 1201 743 minus
1225 689 1274 743 est

32 789 210 851 einsaniae
234 789 339 851 minus
364 790 431 872 spei
456 797 512 850 est.
544 786 598 869 iili,
626 788 680 871 qui
708 795 846 869 tument,
875 788 929 870 qui
960 783 1160 848 abundantia
1187 782 1273 846 labe-

67 901 149 973 rant‚
173 892 245 975 plus
266 891 389 955 hebent
411 892 537 974 fureris,
562 890 620 954 sed
643 889 715 975 plus
739 900 771 953 et
794 891 953 974 eorporis3
978 911 1107 972 semper
1129 886 1172 950 ad
1192 889 1273 950 sani-

66 1006 165 1059 tatem
188 996 362 1080 proclivius
387 1006 435 1059 est
458 996 545 1080 qued
567 1005 673 1080 petest
697 996 894 1058 detractione
919 995 1042 1074 eurari3
1067 992 1111 1055 illi
1127 992 1273 1055 succurri

66 1123 131 1163 nen
153 1109 269 1184 petest,
293 1103 347 1185 qui
372 1100 465 1164 simul
489 1110 521 1164 et
543 1102 661 1163 insanit
682 1110 713 1163 et
729 1099 847 1162 deficit.
879 1097 1065 1161 Murredius
1082 1096 1165 1160 dixit
1179 1104 1273 1159 tetra-

68 1204 177 1266 eelon:
203 1204 366 1267 serviebat
388 1204 495 1268 ferum
519 1204 679 1286 cubicum,
703 1213 833 1288 praeter
855 1204 1028 1284 meret-nini,
1059 1223 1173 1264 career
1201 1221 1273 1262 cen-

16 1324 47 1371 10
66 1310 163 1390 rivio,
196 1308 264 1371 dies
296 1310 391 1372 noeti.
424 1311 598 1372 novissima
628 1330 704 1393 pars
736 1308 804 1370 sine
833 1329 930 1370 sensu
960 1305 1047 1369 dicte
1076 1313 1133 1387 est,
1160 1314 1196 1367 ut
1219 1326 1273 1366 ex-

27 1400 30 1405 ’
67 1413 210 1496 piei-etur
240 1435 411 1495 numerus3
443 1428 554 1497 quem¹
572 1415 658 1476 enim
689 1434 820 1476 sensum
849 1411 966 1474 habet:
1000 1409 1172 1473 ‘serviebat
1204 1408 1273 1471 dies

66 1517 189 1579 nenti?
220 1517 306 1579 hane
338 1517 411 1580 ideo
443 1519 634 1580 sententiam
665 1516 782 1598 rettuli,
815 1518 890 1600 quie
918 1526 950 1579 et
976 1517 1009 1578 in
1037 1513 1156 1578 trieelis
1186 1514 1274 1576 etin

67 1620 215 1683 omnibus
239 1620 333 1683 huius
357 1623 485 1704 generis
514 1623 679 1685 sententiis
708 1642 869 1702 curamus,
898 1630 934 1683 ut
961 1640 1114 1682 numerus
1139 1626 1273 1699 constet,

66 1747 130 1787 non
155 1747 316 1807 curamus,
339 1735 375 1788 ut
398 1747 520 1788 sensus,
553 1728 660 1789 emnia
683 1734 791 1788 autem
814 1746 931 1810 uenere
955 1732 1180 1807 corruptarum
1204 1743 1273 1784 sen-

16 1845 46 1890 15
65 1830 238 1891 tentierum
263 1828 303 1891 de
327 1828 485 1892 industrie
499 1851 595 1914 pono,
620 1831 695 1914 quia
710 1829 847 1911 facilius
872 1838 903 1891 et
926 1828 1004 1913 quid
1027 1826 1218 1891 imitandum
1242 1832 1275 1888 et

66 1931 144 2016 quid
167 1932 336 1995 vitandum
360 1935 409 2015 sit,
434 1933 589 1997 doeemur
612 1933 770 2018 exemplu
796 1930 804 2018 ΗΗ

638 2124 698 2187 ΙΙΙ.

337 2246 548 2296 nxrosmvn
567 2247 758 2296 nunninus
777 2248 826 2296 nx
846 2246 999 2296 evenus.

300 2351 365 2413 Per
386 2353 453 2414 vim
476 2361 662 2435 metumque
686 2360 777 2434 gesta
801 2373 841 2414 ne
866 2352 1026 2413 simmia.

302 2455 401 2518 Pacta-
426 2466 586 2519 conventa
608 2454 735 2539 legibus
758 2454 845 2517 facta
867 2464 936 2517 rata
957 2455 1028 2516 sint.

182 2559 371 2642 Expositum
395 2561 449 2643 qui
474 2563 671 2643 cognoverit,
695 2558 805 2622 solutis
829 2557 986 2621 alimentis
1009 2558 1154 2641 recipiat.

150 2789 221 2833 ΜΡε
249 2788 260 2832 1
282 2783 320 2849 ut]
342 2800 396 2834 non
415 2790 438 2832 P
457 2782 465 2851 Η
485 2786 590 2833 dimitat
608 2790 631 2832 P
650 2782 658 2851 ΗΗ
677 2787 691 2832 2
711 2784 782 2833 facto
802 2782 866 2850 non]
887 2781 979 2851 αβενς
998 2784 1071 2833 faeto
1084 2798 1138 2831 nen
1151 2789 1182 2831 M
1200 2783 1267 2832 fero-

63 2884 123 2918 nem
136 2876 159 2918 P
172 2868 180 2934 Η
193 2870 274 2919 libius
287 2877 334 2920 Με
347 2870 355 2938 Η
369 2874 384 2919 3
397 2872 457 2933 (in)
470 2872 552 2921 uerba
566 2885 582 2920 ε
600 2870 607 2937 Η
622 2873 701 2936 prius
714 2870 749 2937 et]
765 2869 787 2938 β
792 2888 798 2932 3
817 2888 864 2920 eni.
878 2875 968 2919 ΜΡεν
981 2870 988 2933 Η
1002 2878 1190 2920 consectantur
1202 2888 1268 2919 corr.

63 2974 93 3004 ese
112 2963 299 3006 tensectantur
317 2964 348 3006 M
372 2958 560 3007 consectantur
578 2964 601 3006 P
620 2955 628 3023 Η
648 2958 778 3007 homtoris
797 2959 839 3005 ΜΗ
859 2975 924 3007 corr.
945 2958 988 3006 ΜΗ
1010 2955 1019 3007 i'
1041 2960 1057 3006 4
1077 2958 1268 3006 obscuritatem

63 3047 175 3092 oratoris
193 3049 216 3091 P
235 3044 243 3109 ΗΗ
262 3043 378 3109 etiamsi]
392 3059 461 3107 (mr,-
480 3046 599 3110 equamsi
613 3050 668 3093 MP
681 3047 702 3094 si
716 3043 738 3111 β
756 3042 764 3112 ΗΗ
784 3047 799 3093 5
813 3051 906 3094 tumen
919 3046 961 3093 Μ1
974 3062 1039 3094 corr.
1053 3044 1097 3093 Μ3
1115 3046 1212 3093 timent
1224 3048 1247 3091 P
1259 3040 1268 3110 ΗΗ

63 3131 248 3180 habundantia
261 3137 300 3181 Pe
319 3130 327 3197 Η
346 3132 476 3181 labenant
489 3132 531 3180 ΜΗ
545 3150 610 3181 corr.
624 3131 667 3181 ΜΗ
686 3128 694 3198 ΗΗ
714 3134 728 3179 7
747 3132 875 3198 preeliuis
888 3137 911 3179 P
929 3130 937 3199 Η
956 3134 1035 3181 rerba
1048 3132 1266 3181 detractione...

63 3234 116 3266 non
139 3225 226 3283 potest
245 3222 280 3279 (e.
293 3221 322 3280 8)
346 3237 393 3268 om.
413 3220 454 3267 Μ1
474 3223 503 3269 in
521 3237 602 3285 uterq.
623 3218 685 3268 adri.
704 3219 756 3281 ΜΗ,
775 3219 820 3269 seri
838 3220 1034 3269 ‹letractatione
1054 3221 1101 3279 (ric
1119 3223 1142 3265 P
1160 3220 1267 3281 (litoque)

63 3312 85 3355 rt
109 3308 214 3354 sueeuri
237 3325 285 3355 scr.
305 3304 314 3373 Η
337 3308 352 3354 8
372 3310 451 3371 prins
474 3312 501 3356 et
525 3324 572 3356 om.
592 3312 615 3354 P
638 3304 646 3331 Η
669 3307 815 3355 murridius
838 3312 909 3355 MPs
937 3302 945 3373 Η
973 3308 988 3355 9
1013 3305 1191 3354 meretriculis
1213 3310 1236 3352 P
1259 3302 1268 3373 ΗΗ

65 3395 93 3440 11
116 3391 252 3459 numerus]
274 3394 326 3455 Be,-
348 3408 442 3442 sensus
461 3392 555 3461 ΜΡβε
575 3394 642 3443 deest
660 3397 689 3443 in
707 3408 725 3443 ν
748 3391 756 3461 ΗΗ
782 3397 812 3442 12
832 3396 860 3442 in
880 3392 990 3459 tricolis]
1012 3392 1187 3442 meretriculis
1205 3389 1267 3460 ΡΗΗ

66 3482 95 3526 13
116 3481 240 3528 omnibus
259 3498 305 3529 eni.
325 3486 349 3528 P
373 3478 380 3547 ΗΗ
406 3484 438 3529 14
457 3497 581 3530 curamus
605 3481 693 3546 (amus
712 3485 741 3531 in
758 3499 812 3531 rau.
832 3481 887 3545 ΜΗ)
906 3486 937 3528 Μ
961 3478 969 3547 ΗΗ
993 3495 1093 3545 genera
1115 3497 1162 3528 om.
1182 3484 1266 3541 ΜΡε;

62 3568 95 3629 ef.
115 3585 145 3630 p.
164 3569 225 3628 394,
245 3570 276 3614 11
283 3586 292 3628 ,·
311 3585 363 3632 pro
386 3584 413 3617 eo
436 3567 561 3632 exempla
580 3574 640 3632 poet
663 3569 859 3617 sententiarum
882 3569 999 3616 eniaeibent
1022 3564 1083 3633 αβν
1106 3563 1114 3633 Η
1139 3570 1169 3615 15
1188 3568 1266 3615 verba

62 3654 221 3702 imitandum
243 3660 270 3703 et
289 3655 353 3718 quid
372 3673 419 3704 om.
433 3661 456 3703 P
475 3653 482 3701 ’1
504 3658 534 3703 16
549 3654 686 3723 doeemur]
705 3653 795 3722 αβεν;
815 3656 941 3704 docemus
954 3660 1008 3703 MP
1027 3652 1035 3720 Η,
1057 3656 1087 3702 18
1106 3654 1205 3719 repetis
1224 3653 1266 3700 ΜΗ

62 3758 126 3789 cerr.
140 3740 183 3789 Μ3
202 3738 210 3807 ΗΗ
231 3743 262 3789 19
282 3748 383 3791 metum
397 3743 438 3790 Μ1
453 3760 518 3792 corr.
532 3742 575 3790 ΜΗ
593 3739 602 3807 ΗΗ
620 3741 688 3810 Ηηε]
702 3759 755 3791 nen
770 3746 794 3791 0
813 3742 823 3809 Η
840 3743 893 3791 sint
912 3743 933 3805 (i
945 3760 1013 3790 corr.
1025 3758 1058 3790 em
1072 3738 1109 3798 ui
1123 3744 1248 3799 runnu}
1258 3736 1291 3794 XX

61 3830 93 3874 ‘20
107 3834 167 3876 acte
180 3833 204 3875 P
216 3828 317 3878 factae
333 3827 344 3895 Η
363 3836 500 3881 conuentu
513 3834 536 3880 P
549 3826 558 3900 ΗΗ
572 3832 604 3881 21
620 3833 787 3899 cognouerit
800 3848 870 3881 corr.
883 3846 916 3879 επ
926 3814 1307 3893 tunneuer'xm‘tiffl'xffi
