2760 4110
565 161 781 214 PRAEFATIO.
1186 151 1268 208 XXI

65 320 145 381 iussi
177 327 208 380 et
234 319 423 381 ,universam
455 319 522 380 eius
553 319 744 401 scripturam
773 328 903 401 praeter
932 317 1117 381 manifestos
1147 317 1268 382 librarii

66 444 193 486 errores
217 431 249 485 et
271 423 434 506 propriam
457 423 525 484 eius
547 424 579 484 in
602 422 711 485 verbis
735 421 912 485 scribendis
941 421 1190 506 discrepantiam
1213 421 1268 486 ad-

65 528 178 591 notavi
201 549 241 589 ne
258 524 359 589 foedis
376 525 506 610 quidem
521 525 580 589 illis
597 526 890 611 interpolationibus
906 528 1038 607 omissis,
1056 548 1136 610 quas
1151 526 1268 609 scriba,

65 642 101 695 ut
134 640 285 715 corrupta
307 630 410 694 verba
428 640 575 712 sanaret,
609 653 651 693 ex
682 630 858 717 archetypo
890 654 946 695 suo
977 633 1010 695 in
1037 631 1268 695 vocabulorum

64 747 212 800 tenorem
228 737 359 819 recepit.
384 756 503 798 novum
519 757 597 798 sane
621 744 669 798 est
684 735 839 798 eiusmodi
856 745 1045 817 commenta,
1070 757 1153 819 quae
1168 737 1268 797 risum

65 843 172 925 potius
204 862 242 902 ac
277 838 478 902 stomachum
511 837 693 922 legentibus
723 848 874 902 moveant
909 862 1007 923 quam
1043 837 1267 902 considerandi

63 943 232 1007 stimulum
255 942 424 1024 subiciant,
447 944 481 1005 in
511 952 702 1027 apparatum
726 944 870 1005 criticum
900 941 1032 1024 intrudi3
1064 965 1124 1005 nec
1147 951 1266 1024 tamen,

63 1049 216 1133 quamvis
247 1048 365 1110 invitus
395 1046 543 1128 fecerim,
578 1048 723 1130 recipere
755 1069 794 1110 ea
823 1068 887 1110 non
917 1048 1020 1130 potui,
1053 1069 1127 1109 cum
1156 1047 1193 1108 iis
1224 1045 1267 1109 ad

63 1151 188 1216 codicis
211 1159 237 1211 Τ
261 1152 474 1213 correctiones
497 1147 547 1234 (τ)
570 1159 657 1213 recte
681 1148 897 1214 aestimandas
920 1172 1000 1233 opus
1024 1151 1071 1212 sit.

170 1254 199 1318 9.
229 1253 366 1318 Codices
390 1253 512 1317 Schotti
542 1253 916 1337 Augustodunensis‚
947 1255 1172 1338 BrugensiS,
1204 1252 1267 1317 Oo-

62 1361 335 1442 varruvianus,
363 1359 585 1422 Vaticanus.
616 1358 656 1421 de
681 1357 807 1423 duobus
831 1381 940 1422 eorum
969 1357 1109 1421 diximus
1132 1357 1267 1443 (Covar-

62 1518 185 1582 scriptus
204 1531 262 1565 esse
280 1512 403 1566 videtur'.
428 1517 509 1564 immo
529 1531 584 1564 rem
598 1514 678 1579 longe
691 1514 770 1564 aliter
788 1531 816 1564 se
829 1515 928 1565 habere
947 1518 975 1564 in
988 1515 1129 1581 propatulo
1144 1521 1191 1565 est.
1212 1515 1265 1565 duo

62 1611 160 1654 autem
174 1608 334 1667 argumenta
346 1602 424 1652 affert
438 1603 593 1663 Bursianus,
606 1602 704 1666 quibus
717 1603 878 1651 sententiam
892 1618 966 1652 suam
981 1603 1132 1652 confirmet:
1151 1603 1266 1666 primum

63 1691 140 1757 quod
159 1696 184 1738 D
203 1696 267 1739 ante
286 1690 495 1738 controversiam
515 1704 613 1737 nonam
631 1703 718 1753 oeque
737 1703 769 1737 ae
788 1694 811 1736 B
830 1688 928 1738 habeat
946 1693 1038 1739 omissa
1058 1690 1225 1754 praefatione
1243 1694 1267 1738 et

61 1779 178 1844 epistula
200 1780 374 1827 controuersia
392 1777 454 1825 bace
471 1782 520 1826 est:
544 1777 629 1825 atita
646 1791 740 1825 omnes
759 1777 864 1826 codices
884 1778 1041 1841 (omnesque
1060 1777 1116 1826 fere
1135 1776 1267 1826 editiones

63 1865 184 1928 veteres)
208 1865 336 1913 exhibent
357 1891 387 1900 -
407 1869 514 1928 praeter
535 1868 560 1911 B
580 1863 619 1922 (in
643 1878 695 1927 quo
721 1863 854 1926 porticula
877 1869 900 1912 et
918 1878 934 1912 a
952 1862 1061 1913 librario
1081 1865 1180 1913 omissa
1199 1865 1266 1924 eet);

62 1951 164 2002 deinde
183 1951 255 2016 quod
268 1968 292 2015 p.
307 1953 366 2013 493,
380 1952 395 1999 5
409 1951 537 1999 traditum
551 1951 586 1998 sit
597 1951 726 2015 religionis
735 1955 783 1998 BD
798 1950 858 2014 (pro
876 1953 915 1999 rei
930 1950 1058 2015 publicae)
1079 1957 1106 1999 et
1124 1952 1153 1998 in
1172 1950 1266 1999 eadem

62 2039 251 2089 controversia
270 2054 294 2102 p.
314 2039 372 2096 498,
395 2039 425 2086 17
445 2036 577 2102 respondit
594 2042 621 2085 A
642 2036 728 2101 (deest
747 2038 774 2085 in
793 2041 827 2099 B)
846 2038 942 2102 relligio
960 2043 984 2085 D
1005 2041 1062 2102 (pro
1080 2054 1121 2087 res
1136 2035 1266 2102 peritioni:

62 2133 92 2176 at
118 2127 208 2189 priore
231 2124 291 2173 loeo
315 2126 444 2189 relipienia
464 2126 615 2189 (relligionis
633 2124 681 2184 1³¹)
704 2125 732 2172 in
752 2124 875 2172 omnibus
897 2123 972 2172 libris
992 2123 1147 2187 (ABDlvv)
1168 2129 1215 2185 est,
1235 2139 1267 2172 ao

64 2213 216 2277 posteriore
230 2210 289 2261 loco
303 2213 332 2260 in
344 2217 367 2259 B
380 2213 467 2277 relipio
479 2211 562 2260 fuisse
575 2211 752 2274 imprudentis
771 2215 812 2259 est
830 2216 956 2271 statuere,
970 2226 1030 2259 cum
1050 2210 1117 2259 nihil
1137 2211 1267 2275 suspicari

63 2299 148 2348 liceat
167 2299 220 2346 nisi
237 2299 265 2346 in
277 2303 302 2346 B
319 2298 389 2347 idem
404 2299 532 2362 scriptum
547 2299 667 2346 extitisse
680 2302 763 2361 atque
776 2298 805 2345 in
817 2302 852 2345 A.
874 2297 1021 2347 Bursianus
1039 2303 1138 2358 autem,
1157 2299 1179 2347 si
1198 2296 1267 2346 illud

63 2392 255 2452 argumentum
270 2391 354 2435 contr.
369 2386 408 2446 10,
419 2389 435 2434 ὁ
445 2389 531 2435 totum
544 2400 577 2434 ex
589 2391 613 2433 D
627 2384 819 2448 descripsisset,
832 2385 860 2432 in
873 2383 976 2432 ultimis
989 2383 1094 2433 duobus
1107 2384 1195 2433 verbis
1208 2386 1266 2433 sine

61 2474 147 2523 dubio
160 2473 304 2533 haesisset3
317 2473 384 2522 haec
397 2478 460 2521 sunt
473 2471 509 2537 (p.
523 2473 583 2534 493,
596 2471 638 2536 10)
652 2473 680 2519 in
693 2477 756 2520 AB:
766 2489 795 2536 p.
810 2473 900 2532 laesae,
914 2472 942 2519 in
954 2477 991 2519 D:
1006 2472 1144 2535 relligionis
1154 2472 1266 2535 (reliqio-

60 2565 104 2610 ais
117 2559 167 2621 D2)
185 2561 275 2610 laesae.
290 2565 409 2608 ceterum
421 2565 445 2607 D
466 2575 526 2607 cum
539 2573 558 2608 υ
570 2573 624 2606 ιιοιι
638 2557 725 2607 solum
739 2559 899 2623 cognatione
913 2559 1073 2606 coniunctus
1085 2563 1126 2606 est
1144 2557 1191 2606 sed
1204 2573 1265 2606 cum

60 2663 95 2696 eo
115 2649 156 2697 ita
175 2647 308 2710 congruit,
336 2649 368 2694 ut
390 2661 443 2694 non
467 2645 597 2695 absonum
621 2645 656 2693 sit
674 2645 778 2710 opinari
796 2650 821 2693 D
840 2659 873 2693 ex
892 2658 910 2693 v
929 2643 1090 2707 descriptum
1110 2657 1176 2693 esse.
1196 2659 1265 2708 quae

61 2735 202 2784 sententia
224 2747 256 2782 eo
281 2732 394 2782 stabiliri
422 2732 537 2793 videtur,
562 2732 634 2796 quod
656 2733 684 2780 in
707 2738 731 2781 D
755 2737 783 2780 et
799 2746 818 2781 υ
842 2731 944 2780 multae
967 2732 1147 2780 correctiones
1171 2730 1265 2780 eodem

61 2821 145 2871 modo
168 2820 309 2884 isdemque
332 2819 442 2879 litteris,
467 2818 606 2868 nonnullis
629 2818 696 2868 locis
720 2821 802 2868 etiam
830 2817 924 2868 eodem
952 2818 1031 2867 rubro
1056 2817 1146 2867 colore
1176 2833 1266 2882 super·

60 2909 190 2973 scriptae,
213 2907 348 2956 interdum
372 2906 476 2971 aliquot
498 2906 605 2957 litterae
630 2907 674 2956 vel
693 2906 826 2957 vocabula
843 2908 930 2971 spatio
949 2921 1035 2955 vacuo
1054 2905 1148 2956 relicto
1168 2907 1267 2954 omissa

61 3000 137 3045 sunt.
156 2994 208 3043 hoc
232 2995 254 3042 si
278 2995 316 3043 ita
339 3007 368 3042 se
391 2994 510 3055 haberet,
535 2995 581 3058 qui
605 2993 724 3043 codicem
747 3000 772 3042 D
791 2994 913 3042 exaravit
936 3007 1046 3042 munere
1069 3008 1117 3042 suo
1136 3007 1266 3056 perquam

61 3080 211 3146 diligenter
229 3080 339 3129 functus
358 3085 440 3140 esset3
460 3095 522 3129 nam
542 3096 601 3128 cum
622 3082 650 3129 in
668 3095 686 3130 v
704 3095 791 3145 paene
810 3080 915 3129 nullum
935 3079 1097 3128 vocabulum
1118 3081 1176 3128 sine
1196 3094 1265 3127 com·

61 3167 164 3234 pendio
185 3168 411 3230 semiscriptam,
431 3172 504 3216 recte
523 3166 683 3231 intellegere
701 3182 782 3231 saepe
801 3166 911 3216 difficile
930 3172 996 3227 erat,
1015 3181 1103 3231 neque
1124 3168 1265 3230 quisquam

61 3257 215 3316 miraretur,
239 3255 260 3302 si
284 3255 400 3303 sescenti
419 3268 521 3303 errores
543 3255 572 3301 in
590 3259 615 3302 D
633 3253 904 3318 deprehenderentur.
931 3268 1004 3302 nunc
1027 3267 1046 3302 υ
1066 3258 1092 3302 et
1110 3259 1134 3301 D
1155 3254 1264 3301 omnino

60 3342 229 3405 conspirant.
252 3346 392 3406 praeterea
416 3356 471 3390 non
494 3345 564 3402 erat,
590 3340 660 3404 quod
683 3346 716 3400 D,
740 3342 762 3390 si
786 3341 877 3390 codice
895 3354 914 3389 v
934 3355 997 3388 usus
1023 3344 1100 3401 esset,
1124 3339 1266 3388 vocabulis

59 3430 175 3480 Graecis
194 3428 354 3490 abstineret3
379 3442 412 3477 ea
431 3429 502 3478 enim
522 3428 550 3475 in
569 3441 587 3476 v
607 3442 640 3476 ex
663 3434 738 3492 parte
761 3427 869 3492 planius
893 3429 992 3491 scripta
1011 3432 1038 3475 et
1060 3425 1183 3475 faciliora
1201 3432 1264 3476 sunt

59 3517 96 3566 ad
115 3514 316 3580 agnoscendum
330 3529 410 3579 quam
425 3514 507 3563 verba
519 3514 624 3563 Latina.
646 3514 770 3579 denique,
795 3514 821 3563 id
842 3514 914 3578 quod
927 3529 1061 3563 summum
1081 3519 1129 3576 est,
1148 3519 1263 3578 uterque

59 3602 148 3652 codex
168 3617 202 3651 ex
220 3601 288 3651 libro
308 3597 380 3650 ‘satis
399 3607 515 3663 vetusto,
534 3601 581 3651 sed
599 3598 735 3651 mendoso’
754 3601 903 3666 descriptus
922 3608 974 3663 est3
993 3601 1044 3650 hoc
1063 3602 1092 3650 in
1110 3615 1129 3650 υ
1146 3616 1262 3650 comme-

60 3689 181 3739 moravit
199 3688 294 3749 scriba,
317 3690 345 3737 in
364 3695 389 3737 D
407 3689 437 3750 is,
457 3689 504 3753 qui
523 3687 620 3737 librum
640 3684 762 3738 ‘describi
781 3685 902 3738 curavit'.
929 3689 984 3737 iam
1002 3688 1140 3737 evincitur
1159 3703 1179 3736 ιι
1200 3694 1274 3735 etis

59 3775 186 3826 eiusdem
206 3774 305 3824 codicis
323 3775 476 3840 apographa
495 3780 653 3842 essentque
673 3792 706 3828 ea
723 3777 848 3845 profecto
867 3777 1081 3846 religiosissime
1098 3775 1190 3824 iacta.
