2760 4110
98 188 163 251 214
602 212 796 264 nxcnnprs
1149 235 1172 282 p.
1193 218 1243 266 243
1263 218 1294 267 n.

96 375 222 445 partein
245 365 278 426 in
301 363 442 428 tenebris
458 377 568 450 agunt,
592 378 626 432 nt
649 372 820 435 novissime
837 372 936 435 selein
952 373 1043 457 quasi
1059 394 1296 457 supervacuum

95 464 269 530 fastidiant.

184 573 264 635 Pers
287 572 397 638 altera.
430 575 496 639 illis
519 600 636 641 noveni
659 578 737 642 nihil
760 579 893 644 daturus
917 590 981 644 est:
1005 581 1102 659 nulli,
1123 603 1186 644 non
1209 581 1295 644 faro-

96 674 206 739 rabilis
223 680 293 761 erit,
310 681 336 741 si
353 702 417 763 008,
439 704 458 744 a
475 680 591 766 quibus
608 693 802 748 excaecatus
818 697 876 768 est,
894 684 1021 770 decipit.
1046 687 1295 748 ‘eireumventus

96 780 288 846 adulescens
311 783 352 847 ab
376 772 436 848 illis
460 808 576 850 noveni
596 791 757 852 veteranis
781 789 1058 874 eonsuinptoribus
1082 790 1177 853 solus‘
1194 792 1296 874 inquit
1331 812 1346 858 5

96 889 227 983 'novem
252 890 613 956 eonsentientibnsnon
635 895 721 977 potui
745 894 914 958 resistere'.
940 896 1044 958 omnia
1062 917 1103 957 ex
1121 896 1295 978 composite

95 988 181 1053 faeta
199 1002 289 1055 sunt:
310 1016 393 1057 unus
409 997 604 1059 mentionem
618 996 733 1080 intulit,
751 1019 861 1060 omnes
877 997 1156 1083 adprobaverunt3
1174 998 1295 1062 eleetns

97 1103 145 1158 est
168 1098 222 1180 qui
239 1099 418 1180 sortiretur3
442 1121 510 1162 sors
527 1098 621 1162 huius
638 1122 721 1185 quae
739 1102 842 1165 exiret
857 1104 959 1186 priina
977 1101 1121 1165 subiecta
1139 1117 1194 1165 est.
1221 1126 1295 1165 enin

96 1212 306 1285 repugnaret,
331 1213 526 1268 excaecatus
550 1217 606 1269 est.
631 1207 657 1268 si
682 1208 930 1291 circumventus,
954 1208 1070 1292 inquit,
1099 1222 1160 1290 est,
1188 1231 1294 1292 perse-

96 1316 213 1389 quatur
236 1309 394 1391 iniuriam,
418 1308 459 1371 de
482 1312 513 1373 vi
537 1318 623 1394 agat,
646 1310 796 1375 talionem
817 1321 913 1396 petat.
935 1311 1132 1385 videbinins3
1155 1316 1294 1397 prinnini
1317 1331 1346 1377 10

95 1419 155 1491 est,
178 1420 213 1474 ut
235 1410 363 1495 habeat,
386 1413 473 1477 unde
495 1416 593 1478 vivat.

677 1656 717 1720 ΙΙ.

287 1812 484 1863 PARRICIDA
502 1813 632 1875 AEQVIS
651 1814 864 1864 SEerxrns
883 1816 1099 1865 Alisonvrvs.

226 1934 368 2012 Quidam
389 1935 490 1999 filiuni
513 1938 679 1999 accusarit
701 1935 874 2020 parricidii.
906 1938 1018 2021 aequis
1042 1940 1206 2001 sententiis

182 2036 365 2103 absolutum
387 2039 527 2103 abdicat.
1316 2061 1347 2108 15

182 2143 290 2206 Minus
315 2153 363 2207 est
386 2145 450 2206 iani
473 2143 560 2228 qnod
583 2166 677 2227 r0g03
702 2166 766 2208 non
781 2154 865 2229 pete,
889 2154 924 2207 ut
939 2168 990 2208 nie
1013 2169 1031 2207 a
1049 2145 1210 2230 parricida
1227 2149 1292 2208 vin-

96 2247 219 2330 dicetis
244 2247 302 2310 sed
317 2259 352 2310 ut
368 2249 532 2332 separetis,
556 2247 753 2332 parricidam
776 2270 840 2312 non
863 2271 991 2330 aeeusn,
1016 2248 1073 2311 sed
1095 2248 1192 2332 fugin.
1218 2272 1292 2334 qno-

95 2352 190 2417 mode
215 2354 272 2415 iste
296 2354 475 2415 accusatori
500 2362 625 2436 parcet,
654 2353 708 2437 qui
730 2354 814 2437 patri
837 2375 901 2415 nen
924 2353 1093 2437 pepercit?
1118 2375 1193 2436 erge
1217 2353 1293 2416 nihil

96 2456 238 2520 inedium
255 2466 303 2520 est
318 2459 401 2521 inter
424 2466 649 2519 testariientnin
673 2466 704 2520 et
728 2455 890 2520 culleum?
921 2479 986 2519 non
1008 2456 1172 2519 absolutus
1196 2459 1294 2540 parri-

97 2560 185 2644 cida,
209 2561 267 2624 sed
291 2559 425 2624 dubius:
453 2573 489 2624 ut
511 2560 698 2643 absolvaris,
722 2559 828 2623 multis
850 2559 909 2624 tibi
932 2562 1096 2623 sententiis
1128 2582 1207 2645 opus
1236 2570 1293 2629 est,
1313 2582 1348 2630 20

97 2675 132 2730 ut
148 2666 320 2748 damneris
336 2688 409 2729 nna.
432 2688 496 2729 non
511 2664 719 2728 absolverunt
733 2687 835 2747 reum,
851 2664 908 2727 sed
925 2663 1053 2727 saecule
1069 2676 1292 2749 pepercerunt.

98 2772 223 2833 miraris
246 2773 279 2833 in
302 2769 363 2833 hae
394 2771 522 2833 eiritnte
545 2769 814 2852 inisericordiam,
842 2770 874 2832 in
898 2792 961 2854 qua
984 2768 1038 2832 lex
1062 2767 1296 2831 absolutionem

185 2959 345 3029 ΜΡὸαβμν
373 2964 384 3009 l
404 2963 461 3021 agit
479 2966 502 3009 P
520 2959 528 3025 Ι
547 2976 743 3026 superuacuum
756 2961 828 3023 <est>
840 2960 976 3009 fastidium
989 2965 1012 3008 P
1031 3004 1032 3017 ,
1057 2962 1072 3008 2
1092 2960 1230 3009 fastidiunt
1249 2975 1269 3009 α

99 3052 115 3098 3
135 3049 220 3098 altera
243 3064 303 3114 pars
327 3047 697 3112 (hoc‹irdi‘iiefc›1·esetip›e1·)
716 3062 737 3097 α
760 3044 768 3101 Ι
791 3045 868 3114 nihil]
888 3047 952 3096 mihi
976 3053 998 3095 P
1053 3054 1092 3096 est
1116 3047 1226 3096 daturus
1248 3062 1268 3096 α

99 3134 256 3185 faborabilis
274 3141 326 3183 Μα
344 3134 464 3183 forabilis
482 3139 505 3182 P
524 3134 526 3161 ²
550 3134 819 3199 ''ieoiisnnipteribus
838 3134 900 3199 (eon
920 3137 948 3183 in
967 3152 1019 3183 res.
1039 3135 1092 3195 M3)
1113 3139 1144 3182 M
1166 3160 1168 3167 ·
1198 3136 1213 3182 6
1234 3150 1296 3183 eon-

99 3224 220 3275 sentibus
233 3223 274 3271 Μ1
294 3221 484 3271 consentiebas
497 3223 540 3270 M3
558 3221 718 3286 cogentibus
730 3218 815 3289 αβμν
828 3220 836 3257 ¹¹
848 3220 934 3288 potui}
949 3219 983 3289 β;
996 3224 1083 3287 potuit
1097 3225 1121 3269 0
1135 3220 1142 3285 Ι,
1156 3218 1296 3287 i·e}j{sistere

97 3310 214 3375 (sei-ax.)
228 3316 258 3359 M
303 3312 319 3359 8
339 3305 420 3373 quae]
439 3309 486 3373 qui
504 3306 545 3373 αξ
569 3312 584 3356 s
604 3305 634 3374 si]
655 3313 694 3357 set
713 3322 757 3375 αμ
803 3309 1047 3358 eircoinnientusP
1095 3310 1126 3356 10
1143 3310 1241 3356 iniuria
1254 3309 1295 3355 M¹

100 3416 165 3448 cerr.
179 3397 222 3447 Μ3
271 3401 297 3445 11
320 3396 418 3445 liabent
436 3412 501 3444 corr.
515 3412 546 3443 ex
559 3394 675 3444 habebat
694 3400 725 3443 M
743 3392 751 3413 '¹
773 3398 802 3443 13
816 3391 1009 3462 paisprieiclm
1027 3397 1125 3459 (priore
1138 3397 1187 3443 loeo
1201 3412 1217 3459 p
1230 3411 1296 3442 eres.

100 3485 162 3546 vid„
176 3488 254 3534 altero
267 3485 317 3532 loeo
330 3498 362 3533 ea
374 3490 453 3543 erae.)
467 3487 497 3529 Μ
516 3480 518 3491 “
545 3484 576 3529 14
594 3481 802 3544 filiuni<suu1n>
820 3496 840 3531 α
858 3480 865 3539 ξ·
885 3483 977 3531 sentiis
995 3482 1036 3530 Μ1
1050 3500 1114 3530 corr.
1129 3481 1171 3529 M2
1218 3483 1247 3528 17
1268 3492 1297 3529 nt

100 3590 147 3623 ont.
166 3573 207 3620 Μ1
232 3571 294 3620 edd.
314 3570 357 3619 Μ2
409 3570 555 3634 saeperetis
578 3569 611 3617 P¹
635 3588 637 3595 ’
666 3566 808 3634 quemodo]
830 3569 880 3629 Be,-
904 3568 1010 3633 quande
1030 3574 1084 3617 MP
1108 3584 1142 3617 an
1162 3566 1265 3635 Βαρμι·
1295 3590 1298 3599 ²

104 3662 135 3708 18
154 3657 231 3724 nihil]
253 3656 335 3706 nichil
355 3658 418 3719 ΜΉ
445 3658 475 3703 19
495 3654 621 3722 inedium}
641 3654 717 3723 (ipim
742 3655 838 3705 melius
860 3661 936 3705 MPa
992 3655 1108 3705 culleum
1132 3656 1175 3718 (cn
1199 3660 1224 3704 in
1244 3674 1295 3703 ins.

100 3748 116 3795 2
130 3748 273 3795 litterarum
286 3762 333 3792 ser.
348 3744 400 3807 Μ’)
413 3749 444 3791 Μ
479 3741 608 3791 absolutis
621 3743 654 3791 P¹
674 3743 745 3806 (est)
758 3742 896 3792 absolutus
909 3757 926 3792 ν
938 3746 946 3809 i}
958 3746 1030 3805 (est)
1043 3743 1174 3808 parricida
1188 3740 1217 3809 β,
1230 3744 1296 3805 sin-t.

75 3830 220 3885 parricida
234 3833 297 3891 (es)
309 3828 375 3895 lies}
395 3834 431 3879 20
443 3830 493 3880 tibi
510 3847 557 3881 om.
571 3844 609 3895 αΙ
634 3830 683 3880 tibi
701 3829 794 3880 inultis
810 3835 833 3879 P
852 3828 862 3897 p
879 3832 911 3879 ‘21
930 3830 1055 3895 ‹lapnnris
1072 3835 1095 3879 P
1113 3830 1121 3895 Ι,
1140 3830 1257 3879 seeundo
1275 3835 1298 3878 P
