2760 4110
77 202 103 251 p.
125 186 225 235 1471(Ι
578 185 676 235 uma
703 188 779 234 s-r.
1237 168 1279 233 99

165 341 246 404 Pars
269 339 379 404 altera.
411 340 460 403 Ee
475 363 527 404 me
542 341 612 403 loce
633 362 697 404 non
718 340 870 423 deseruit,
889 343 922 404 in
939 364 1035 426 quem
1054 345 1166 407 venire
1183 345 1280 407 ctiam

77 456 171 531 pater
196 446 310 508 timuit.
341 442 478 507 vidisses
506 443 652 508 membra
678 444 815 507 vinculis
842 467 968 529 pressa,
996 449 1099 510 macie
1122 458 1279 511 retractes

71 548 235 612 'introrsus
263 548 387 631 cardea,
417 551 542 612 attritas
566 550 688 612 catenis
712 558 743 611 et
765 548 892 612 inutiles
921 572 1053 614 numus:
1085 551 1182 615 talem
1210 554 1281 636 quis

78 677 188 717 amare
216 656 277 718 nisi
304 656 485 717 misericors
514 654 643 739 petest?
673 655 705 716 in
733 664 779 716 tet
806 654 1023 718 consulatibus
1052 656 1174 719 llarius
1203 655 1281 719 nihil

41 780 58 826 5
79 758 178 822 habet
198 758 314 821 clarius
331 780 428 843 quam
444 780 478 821 se
495 766 668 821 auctorem.
700 758 886 841 Pompeium
910 760 934 821 si
960 759 1173 823 hereditariae
1190 770 1279 824 extu-

79 862 189 927 lissent
211 864 379 945 imagines,
403 885 497 925 nemo
524 863 681 945 Magnum
704 900 712 927 ,
735 862 877 926 dixisset.
910 862 1059 926 Servium
1079 887 1191 947 regem
1211 863 1281 928 tulit

78 969 191 1031 Roma.
216 966 293 1052 quid
308 966 366 1030 tibi
382 967 533 1030 ridentur
548 966 589 1030 illi
606 966 648 1030 ab
665 982 783 1050 aratro,
799 969 854 1051 qui
869 978 1059 1052 paupertate
1076 990 1134 1032 sua
1150 968 1280 1033 beatam

78 1071 187 1135 fecere
207 1093 277 1134 rem
291 1070 479 1156 publicam?
499 1094 563 1134 nen
584 1093 753 1156 pessumus
773 1094 838 1134 una
857 1071 967 1135 t'cliccs
989 1094 1075 1136 esse:
1100 1072 1186 1157 (pred
1203 1072 1280 1136 sele·

78 1197 161 1257 muS,
184 1199 250 1239 una
272 1174 416 1238 infelices
441 1176 568 1238 erimus.

25 1336 60 1384 10
638 1332 712 1394 VII.

357 1470 379 1519 A
398 1470 539 1520 erasus
558 1471 808 1520 rraemucrna
826 1472 1001 1522 nnussvs.

336 1590 446 1655 Liberi
469 1602 620 1676 parentes
643 1591 731 1655 alant
753 1601 808 1654 aut
830 1594 1021 1656 vinciantur.

211 1693 353 1774 Quidam
379 1695 515 1759 alterum
542 1696 675 1759 tratrem
703 1707 891 1781 tyrannum,
920 1696 1056 1761 alterum
1081 1701 1115 1762 in
1138 1700 1192 1762 ad-

165 1799 277 1863 ulterio
291 1799 529 1884 deprehensum
542 1799 738 1885 deprecante
754 1810 845 1885 patre
861 1802 1029 1865 interiecit.
1047 1827 1066 1866 a
1081 1805 1192 1887 piratis

167 1916 279 1990 captus
302 1907 430 1990 scripsit
452 1906 534 1989 patri
558 1904 598 1968 dc
622 1905 857 1990 redemptione3
881 1918 973 1991 pater
995 1909 1105 1991 piratis
1130 1911 1192 1993 cpi-

166 2010 281 2073 stulam
304 2012 405 2075 misit:
430 2012 456 2073 si
479 2009 713 2095 praecidissent
728 2009 770 2073 illi
794 2033 919 2093 manus,
944 2010 1075 2096 duplam
1097 2036 1193 2097 pecu-

166 2115 252 2177 niam
280 2136 314 2177 se
343 2113 502 2177 daturum.
534 2116 659 2199 piratae
690 2113 779 2177 illum
807 2114 1003 2179 dimiserunt.
1039 2127 1132 2200 pater
1160 2119 1193 2180 in

166 2228 342 2302 egestatem
358 2219 479 2302 incidit,
495 2221 575 2304 petit
590 2217 749 2282 alimenta.
767 2229 940 2299 negantem
955 2220 1023 2284 vult
1038 2223 1070 2283 in
1086 2222 1194 2285 vincla

167 2320 296 2385 ducere.
329 2323 528 2387 contradicit.

24 2444 59 2495 ‘20
167 2425 212 2489 ‘Si
233 2426 482 2510 praecideritis'3
507 2430 532 2491 si
556 2429 716 2509 irasceris,
740 2428 845 2490 scribe
873 2430 993 2512 petius:
1018 2431 1054 2492 ‘si
1079 2429 1279 2495 occideritis'.

78 2529 283 2616 tyrannicida
311 2533 433 2594 exitum
457 2534 585 2616 tyranni
621 2554 708 2612 rege
746 2555 809 2595 nen
837 2534 942 2614 timeo,
971 2555 1027 2614 ne,
1057 2554 1137 2617 quas
1166 2556 1281 2597 manus

77 2637 201 2719 piratae
221 2634 394 2716 solverunt,
418 2634 540 2697 iudices
561 2635 700 2719 alligent.
730 2658 788 2719 pre
808 2635 954 2698 adultere
974 2635 1038 2698 lilio
1054 2659 1159 2720 regas,
1186 2659 1281 2722 quae-

78 2740 138 2801 rite
162 2760 263 2821 nunt),
287 2737 447 2822 quomode
470 2741 599 2823 tyranni
627 2740 715 2802 liant.
749 2738 890 2824 ‘duplam
915 2738 1023 2803 dabe':
1047 2752 1199 2825 apparet,
1222 2764 1281 2826 pre

77 2844 172 2905 unico
195 2841 259 2905 filio
282 2852 393 2926 regat3
417 2842 559 2927 ‘duplam
583 2843 692 2906 dabe':
721 2843 855 2906 alteram
879 2843 1038 2928 pratillo,
1062 2845 1197 2910 alteram
1221 2869 1281 2931 pro

22 2966 57 3012 aa
77 2944 300 3031 tpnanrricida3
325 2948 361 3008 ‘si
390 2968 504 3009 manus
531 2946 778 3031 praecideritis':
807 2947 868 3011 boc
891 2971 952 3011 nee
975 2948 1121 3013 adultere
1145 2950 1280 3013 fecimus

77 3073 137 3115 nec
160 3060 308 3136 tyranne.
343 3052 524 3114 etiamnunc
541 3074 656 3114 manus
672 3073 760 3114 meas
776 3053 880 3137 petis?
904 3076 989 3137 nega
1008 3065 1096 3118 tuam
1121 3078 1192 3119 csse
1217 3059 1280 3141 epi·

163 3282 217 3325 MP
240 3278 255 3325 2
276 3285 383 3342 praessa
403 3278 462 3326 acie
481 3278 522 3325 Μ1
542 3293 648 3342 praessa
667 3281 752 3327 macic
771 3279 815 3327 Ml
833 3277 841 3345 'j
860 3281 941 3329 matie
953 3285 976 3327 P
995 3278 1003 3347 il
1022 3282 1037 3328 3
1056 3283 1149 3330 atritas
1169 3287 1192 3329 P
1214 3280 1222 3335 Ἰ
1241 3283 1280 3330 in·

75 3361 240 3430 utiles]fort.
252 3363 362 3413 mutilas
376 3363 475 3425 Sclrott5
487 3365 520 3427 cf.
530 3382 560 3429 p.
574 3368 616 3424 64,
630 3364 677 3412 le'
696 3364 787 3432 taisi]
802 3368 830 3413 ni
843 3367 884 3415 M¹
895 3384 960 3415 corr.
971 3367 1014 3414 Μ3
1028 3370 1031 3415 5
1043 3371 1058 3415 5
1072 3370 1218 3432 ponpeium
1232 3373 1255 3416 P
1268 3366 1277 3435 ll

76 3448 108 3516 si]
127 3448 202 3517 αβνς
220 3450 271 3500 sibi
289 3451 331 3500 11¹
351 3451 398 3501 del.
418 3457 440 3500 et
459 3453 511 3500 nisi
529 3469 654 3516 eriperer.
674 3453 717 3500 Μ3
736 3455 786 3501 nisi
805 3458 828 3501 P
848 3452 855 3517 il
874 3454 1023 3504 hereditate
1041 3456 1075 3503 P¹
1101 3452 1109 3521 l
1133 3458 1148 3504 6
1168 3456 1281 3507 dixisset

76 3554 141 3585 corr.
159 3553 191 3586 ex
208 3537 315 3587 disisset
333 3544 364 3587 M
388 3535 397 3604 l
419 3553 526 3587 seruum
546 3542 569 3586 Ο
593 3557 657 3587 cur-r.
676 3540 716 3586 M¹
741 3536 743 3589 J
775 3542 833 3602 quit
852 3541 893 3588 Μί
912 3559 977 3590 cerr.
997 3542 1039 3589 M³
1063 3588 1065 3595 ,
1084 3544 1099 3590 9
1118 3542 1213 3592 felices
1230 3549 1253 3592 P
1271 3534 1281 3603 ll

77 3624 109 3673 13
128 3623 260 3673 adulterio
279 3642 344 3675 corr.
358 3642 390 3674 ex
402 3625 535 3674 abulterio
549 3631 580 3673 M
603 3660 605 3667 .
628 3628 657 3673 14
677 3622 788 3693 piratiZs
805 3633 836 3674 Μ
861 3674 862 3679 ,
885 3630 914 3675 15
929 3634 988 3692 port
1007 3629 1147 3692 epistolam
1170 3629 1219 3693 (alc
1238 3632 1279 3693 M)

78 3712 221 3767 cocalmlum
232 3710 298 3760 fecit
310 3711 373 3761 aad.
387 3718 411 3761 ct
419 3715 525 3776 peractis
536 3712 578 3761 fec
592 3711 689 3761 del.M¹
702 3712 767 3761 fecit
779 3718 928 3763 trunacersa
939 3717 1030 3764 lineola
1044 3716 1140 3766 dclM³
1159 3715 1163 3783 [
1176 3719 1207 3766 18
1221 3720 1279 3766 uin-

76 3797 174 3847 cula?
191 3794 200 3863 ξ
219 3799 252 3848 19
270 3814 303 3847 cu
315 3804 347 3847 M
365 3796 374 3865 ll
393 3800 424 3847 21
440 3798 574 3848 tirannida
593 3799 635 3848 Μ1
655 3800 821 3851 tirannieida
837 3800 882 3850 Mi

1113 3889 1148 3934 pl*
