2760 4110
289 1031 1118 1158 <eorrnorsnsmnvu>

456 1317 651 1416 <Lissa
680 1320 953 1421 nennius>

272 1624 398 1691 Seneca
419 1627 557 1711 Novate,
582 1627 736 1712 Senecae,
760 1629 866 1693 Melae
888 1629 961 1693 filiis
985 1629 1129 1694 salutem.

64 1835 80 1900 1
193 1834 360 1914 Quosdam
377 1835 600 1910 disertissimos
618 1839 755 1921 cognovi
766 1838 852 1900 viros
868 1860 933 1902 non
947 1838 1180 1923 respondentes
1196 1839 1302 1903 famae

104 1963 182 2006 suae
199 1965 273 2006 eum
294 1941 524 2026 declamarent,
546 1945 580 2006 in
601 1942 670 2006 foro
693 1944 835 2007 maxima
859 1945 1000 2007 omnium
1022 1943 1232 2008 admiratione
1256 1943 1337 2009 die

45 2114 50 2123 ,
105 2056 227 2130 centes,
252 2046 345 2110 simul
368 2046 411 2111 ad
434 2047 494 2111 has
518 2047 710 2111 domesticas
734 2048 981 2112 exercitationes
1004 2057 1219 2130 secesserant,
1248 2047 1300 2111 de·

104 2160 204 2216 sertos
228 2151 269 2215 ab
286 2153 414 2236 ingenio
431 2174 497 2216 suc.
522 2152 609 2238 quod
624 2151 774 2216 accidere
794 2152 956 2237 plerisque
972 2175 1076 2239 aeque
1092 2153 1170 2217 mihi
1184 2155 1301 2217 mirum

103 2278 200 2343 quam
223 2265 347 2321 certum
370 2266 426 2321 est.
450 2258 580 2321 memini
602 2258 710 2341 itaque
733 2279 785 2320 me
808 2280 827 2320 a
849 2255 976 2320 Ssvsno
993 2257 1110 2322 Cassio
1133 2279 1301 2342 quaerere,

103 2361 181 2447 quid
202 2371 296 2444 esset,
318 2384 376 2426 cur
394 2363 426 2425 in
444 2359 730 2425 declamationibus
750 2358 931 2446 eloquentia
947 2361 992 2425 illi
1011 2384 1069 2425 sua
1089 2384 1153 2426 non
1172 2383 1301 2446 respon-

27 2466 31 2471 ’
59 2462 81 2529 2
104 2464 204 2529 deret.
229 2468 262 2529 in
277 2465 363 2530 nullo
385 2467 470 2530 enim
485 2465 546 2529 hoc
565 2465 666 2530 fiebat
680 2463 860 2529 notabilius
886 2468 985 2529 oratio
1002 2467 1070 2529 eius
1087 2475 1157 2530 erat
1178 2466 1300 2549 valens,
1323 2483 1355 2529 10

104 2569 199 2654 culta,
222 2571 406 2655 vigentibus
428 2571 525 2657 plena
548 2572 727 2652 sententiis3
750 2590 844 2632 nemo
864 2571 969 2633 minus
984 2591 1099 2654 passus
1116 2580 1164 2633 est
1179 2570 1300 2655 aliquid

190 2865 350 2935 ΜΡΒαβμν
377 2865 455 2916 IIane
469 2867 661 2932 praefationem
678 2884 726 2915 orn.
746 2869 801 2928 OD,
819 2872 985 2916 servaverant
1003 2873 1178 2931 excerptorem
1196 2864 1299 2915 codices.

103 2968 127 3024 μ
146 2975 176 2996 =
196 2952 249 3003 coel.
262 2954 447 3003 Mazarinaeas
466 2954 617 3014 (Parisinus
635 2955 693 3002 bibl.
706 2953 808 3002 Mazar.
821 2955 887 3002 1261
902 2969 966 3003 saec.
980 2952 1042 3002 XII
1050 2955 1175 3015 exerentis)
1181 2971 1190 3014 ,·
1208 2954 1300 3002 libram

103 3043 206 3092 aarum
227 3041 259 3093 G.
282 3039 510 3091 Gandernrann
527 3038 535 3106 1
554 3041 569 3088 3
588 3057 635 3090 ona.
654 3045 719 3089 PSa
741 3036 749 3106 11
772 3039 860 3089 malae
883 3046 914 3089 M
932 3041 990 3103 (et)
1008 3039 1095 3088 melae
1113 3053 1137 3108 μ
1160 3037 1167 3106 11
1190 3039 1239 3088 filii
1258 3041 1300 3088 Ml

103 3146 169 3180 aar.
188 3128 231 3178 Μ3
255 3125 263 3195 11
285 3130 302 3176 4
321 3124 444 3194 cognovi]
467 3126 518 3190 Gz‚·
540 3129 640 3192 agnoui
660 3126 822 3192 (<alioquin>
844 3128 945 3192 agnoui
963 3126 998 3195 μ)
1017 3131 1040 3175 0
1060 3143 1126 3177 eras.
1144 3129 1172 3175 in
1191 3132 1222 3175 M
1246 3126 1301 3187 (sed

3 3206 6 3213 ¹
103 3220 133 3269 in
149 3234 202 3267 ras.
221 3233 239 3282 g
257 3219 401 3266 etiamnunc
417 3217 573 3280 eofflwscitnr
584 3217 613 3264 in
625 3214 676 3280 M),
691 3216 758 3278 fort.
772 3214 836 3264 novi
852 3216 891 3265 ael
906 3214 1025 3264 videram
1047 3214 1084 3266 Ge
1105 3211 1113 3279 11
1134 3217 1149 3262 5
1172 3229 1230 3262 com
1252 3218 1276 3261 P
1293 3210 1301 3269 “,

103 3305 224 3355 omnium
236 3304 353 3353 maxima
365 3307 389 3351 P
406 3298 415 3369 11
433 3302 620 3351 ammiratione
638 3306 662 3350 P
679 3298 687 3368 11
706 3303 721 3350 6
740 3299 830 3368 simul]
850 3303 873 3351 si
886 3299 949 3350 min'
970 3298 1046 3366 (min'
1066 3304 1094 3350 in
1111 3318 1164 3350 ras.
1177 3300 1231 3364 Μ3)
1249 3300 1296 3366 Μ1

104 3392 281 3442 exerticiones
295 3396 313 3438 S
326 3388 333 3456 11
347 3388 454 3455 Ίᾳιιοᾱ]
466 3405 547 3454 quam
557 3402 578 3438 a
590 3385 598 3455 11
610 3403 714 3454 aequae
724 3393 778 3438 MP
791 3386 798 3455 1
812 3390 828 3439 8
841 3387 931 3456 qnam]
946 3404 978 3438 ac
988 3387 1010 3457 β
1021 3385 1030 3455 11
1042 3388 1152 3437 memini
1164 3387 1223 3436 rad.
1235 3405 1299 3436 corr.

104 3495 136 3528 ea
154 3478 284 3528 meminin
302 3484 333 3527 Μ
351 3474 359 3544 11
378 3491 436 3527 sero
456 3482 474 3524 S
492 3474 500 3543 1
519 3478 534 3525 9
554 3476 618 3541 quid
638 3476 659 3539 (i
676 3478 705 3525 in
722 3493 776 3526 ras.
795 3475 848 3537 Mi)
867 3481 899 3525 M
917 3477 975 3541 quit
993 3480 1017 3524 P
1035 3472 1043 3542 1
1061 3474 1102 3524 illi
1121 3490 1169 3524 sua
1187 3491 1241 3523 non
1261 3488 1301 3523 re-

103 3564 247 3630 sponderet
260 3564 416 3629 eloquentia
429 3570 469 3613 sa
487 3563 494 3630 1
516 3565 548 3632 111
560 3562 704 3612 notabilior
717 3568 735 3610 S
754 3560 762 3630 11
781 3564 839 3612 eius
852 3565 880 3612 in
892 3580 945 3613 ras.
956 3562 999 3611 Μ3
1010 3580 1057 3612 oni.
1071 3576 1091 3611 α
1109 3559 1117 3629 1
1137 3568 1194 3611 erat
1207 3563 1264 3610 eius
1278 3567 1301 3609 P

103 3652 208 3716 <enim>
230 3652 288 3700 eius
310 3650 434 3719 fiebatse
458 3648 466 3718 11
492 3652 521 3700 11
543 3648 625 3717 culta]
648 3650 701 3711 Ga·
719 3649 795 3700 cultu
815 3654 847 3711 0,
866 3649 938 3699 elata
959 3650 997 3701 (ἔτ
1019 3648 1021 3661 “
1050 3647 1213 3715 rigentibus]
1233 3649 1301 3710 Kos,-

87 3736 256 3794 ingentibus
268 3741 299 3798 0,
309 3738 381 3801 flare.
394 3739 546 3806 ingeniosis
562 3737 619 3789 Ouo
636 3734 645 3807 11
663 3735 768 3805 aliquid
783 3753 848 3787 corr.
861 3742 894 3787 ea*
905 3736 1002 3802 aliquit
1014 3741 1046 3785 M

150 3978 308 4010 nn..
