2760 4110
632 208 756 260 INDEX.

127 371 245 430 quantae
263 372 357 431 postea
377 367 406 415 in
428 365 588 430 disputando
605 365 664 415 fuit.

128 453 304 502 exercebatur
316 453 388 517 apud
397 452 528 502 Arellium
539 453 665 514 Fuscum,

129 541 205 589 cuius
226 554 312 604 genus
335 539 441 589 dicendi
462 540 583 588 imitatus
604 537 666 603 plus

68 645 71 650 ·
127 625 224 676 deinde
236 626 335 676 laboris
346 625 486 692 impendit,
498 631 530 675 ut
542 624 665 674 similitu·

126 712 216 763 dinem
244 714 301 763 eius
332 714 481 779 effugeret,
510 728 590 778 quam
617 713 665 762 im·

126 800 264 864 penderat,
278 806 308 850 ut
321 802 483 866 exprimeret
497 803 555 864 102,
565 802 594 862 5,
608 801 666 849 6166

126 887 233 936 dicendi
252 902 338 952 genus
364 888 522 937 describitur
551 888 614 949 103,
637 888 665 948 7,

126 973 247 1024 Sextium
257 975 343 1023 audiit
356 976 449 1038 105,3;
461 974 596 1024 Blandum
607 973 666 1022 rhe-

126 1066 210 1110 torem
229 1069 428 1127 praeceptorem
446 1061 541 1110 habuit
559 1061 617 1122 105,
635 1061 665 1121 5,

126 1147 196 1212 apud
213 1147 347 1197 Blandum
371 1148 473 1198 diutius
496 1162 576 1213 quarn
594 1147 665 1212 apud

125 1233 256 1283 Arellium
267 1235 386 1284 Fuscum
405 1235 516 1297 studuit,
539 1234 586 1284 sed
604 1250 665 1284 cum

126 1322 180 1369 iam
197 1321 393 1386 transfugisset,
412 1336 444 1371 eo
462 1326 590 1386 tempore,
612 1336 665 1386 quo

128 1408 299 1473 eloquentiae
312 1410 444 1471 studebat,
464 1425 518 1459 non
537 1409 664 1474 eloquen-

126 1497 180 1544 tiae
190 1510 272 1545 causa
283 1498 393 1559 105,10;
405 1498 508 1548 Seneca
518 1511 579 1546 eum
589 1501 665 1545 tanto

125 1583 255 1632 minorem
262 1588 335 1645 natu,
346 1585 562 1648 quamipseerat,
575 1582 665 1632 audie-

124 1669 178 1732 bat,
186 1671 310 1733 quotiens
320 1670 451 1721 inciderat
464 1673 521 1732 105,
529 1673 572 1732 14,
583 1670 665 1719 Albu-

125 1757 182 1805 cius
192 1771 254 1806 eum
260 1762 335 1806 16616
341 1758 601 1822 iuveniorem,quam
607 1758 665 1821 ipse

127 1846 192 1904 erat,
205 1842 290 1891 audiit
305 1849 332 1892 et
343 1843 489 1893 admiratus
499 1845 604 1905 661269,
619 1845 663 1906 11,

126 1929 221 1978 Vibius
231 1928 326 1978 Gallus
336 1931 545 1980 controversiam
558 1935 664 1994 postero

127 2014 179 2077 dio,
199 2030 278 2080 quam
294 2022 351 2065 crat
363 2030 380 2065 a
392 2017 513 2066 Fabiano
527 2016 607 2078 dicta,
620 2015 664 2066 de·

127 2101 254 2152 clamavit
267 2101 338 2166 (121,
354 2103 397 2168 11)
411 2109 437 2152 61
451 2103 536 2152 166116
548 2102 664 2154 facunde

125 2188 268 2252 explicuit,
292 2191 443 2254 corruptius
468 2205 547 2254 quarn
567 2190 663 2239 Fabia·

125 2290 184 2337 nus,
203 2276 250 2325 sed
269 2275 374 2325 dulcius
394 2277 452 2338 121,
467 2277 512 2338 18,
531 2277 601 2325 bene
619 2276 663 2326 de·

124 2361 251 2411 clamavit
270 2364 327 2425 102,
340 2365 369 2420 4,
388 2365 524 2413 sententia
536 2365 594 2414 eius
606 2362 663 2413 lau-

125 2448 204 2498 datur
224 2451 281 2511 155,
298 2452 340 2508 10,
361 2449 477 2500 colorem
497 2455 664 2500 6666166661

125 2535 662 2600 optimum,quemMessalalaudavit157,

124 2622 152 2683 7,
163 2621 280 2671 66161616
291 2638 345 2671 666
355 2625 441 2686 magis
451 2623 521 2671 bono
532 2624 589 2670 viro
600 2637 662 2670 con·

123 2710 278 2758 venientem
295 2709 444 2758 introduxit
463 2723 543 2772 quam
563 2709 662 2758 oratori

123 2793 221 2844 callido
242 2797 299 2856 173,
318 2799 346 2858 5,
366 2796 423 2844 6166
445 2794 561 2844 66161616
583 2794 662 2845 valde

123 2881 246 2946 probavit
261 2884 291 2931 L.
299 2883 422 2931 Vinicius
437 2883 545 2943 173,14.
566 2883 624 2943 174,
637 2883 661 2931 9.

177 2967 334 3020 Sententiae:
349 2971 405 3031 110,
422 2970 460 3019 16.
476 2971 534 3030 131,
549 2971 588 3018 10.
603 2970 661 3030 139,

125 3058 164 3104 15.
181 3057 291 3117 142,10.
308 3058 416 3118 152,11.
432 3058 544 3117 164,13.
567 3057 623 3118 176,
636 3057 660 3105 8.

124 3143 182 3204 178,
196 3144 218 3191 3.
239 3145 353 3204 521,17.

174 3230 335 3280 1116ἰεί66611
355 3232 467 3292 143,19.
487 3232 546 3291 526,
560 3231 584 3280 6.

178 3316 289 3367 Colores:
309 3319 366 3379 121,
380 3319 404 3366 3.
420 3319 477 3379 122,
493 3319 531 3367 19.
547 3319 659 3379 155,10.

1229 189 1292 254 613

755 365 990 429 eloquentissimus
1003 365 1055 413 fuit
1068 369 1095 414 et
1107 365 1234 429 temporis
1251 365 1293 414 sui

754 454 855 518 primus
882 458 971 502 orator
995 453 1054 513 172,
1074 454 1101 513 2,
1130 451 1294 502 declamator

755 546 812 590 erat
824 540 939 601 subtilis,
952 540 999 589 sed
1011 540 1101 589 aridus
1114 541 1173 601 453,
1188 541 1215 598 2,
1228 541 1292 589 ami·

755 641 801 675 cus
825 626 944 676 8666666
968 631 995 676 61
1018 625 1104 675 Cassii
1122 625 1215 675 Severi
1234 627 1293 687 208,

756 715 800 777 16,
827 713 971 763 Passienus
999 717 1089 763 noster
1118 715 1189 775 (nant
1215 715 1294 764 uerba

758 799 842 850 Cassii
865 799 963 860 Seueri)
992 816 1053 850 cum
1080 801 1168 864 coepit
1196 800 1293 861 dicere,

754 887 901 937 secundum
925 888 1086 951 principium
1115 887 1205 935 statim
1227 886 1293 951 fuga

753 973 791 1036 fit,
810 974 844 1023 ad
863 974 999 1039 epilogum
1018 989 1111 1024 omnes
1123 975 1291 1035 revertimur,

753 1061 842 1110 media
865 1066 970 1110 tantum
994 1061 1091 1125 quibus
1113 1074 1224 1110 necesse
1253 1065 1294 1110 est

753 1147 868 1198 audiunt
886 1149 1006 1210 208,16,
1029 1148 1100 1197 idem
1120 1147 1227 1197 Cassius
1246 1146 1293 1196 86·
1349 1142 1351 1146 ’

753 1250 833 1284 16166
851 1236 1018 1296 Passienum,
1042 1232 1098 1299 ‘qui
1117 1250 1189 1284 nunc
1207 1235 1293 1298 primo

753 1321 813 1371 loco
823 1319 892 1383 stat’,
903 1327 1169 1387 proptercorruptum
1182 1320 1292 1370 audien·

754 1411 821 1458 tium
844 1409 973 1459 iudicium
1002 1410 1090 1458 minus
1114 1409 1182 1457 benc
1205 1407 1294 1456 videri

754 1495 842 1545 dicere
865 1497 904 1544 ait
927 1511 1007 1560 quam
1025 1494 1145 1544 Cestium
1168 1499 1215 1544 aut
1237 1495 1289 1544 La·
1360 1562 1363 1567 .

753 1588 858 1632 tronem
877 1584 936 1644 210,
956 1583 987 1643 8,
1005 1581 1101 1631 Arellii
1118 1582 1200 1630 Fusci
1219 1580 1293 1631 color

754 1670 780 1718 ei
794 1668 932 1733 displicuit
947 1670 1065 1730 296,13,
1083 1668 1215 1717 Buteonis
1232 1668 1292 1717 sub·

753 1757 879 1806 tilitatem
902 1772 955 1805 666
975 1755 1107 1820 probavit,
1129 1756 1242 1804 Latroni
1262 1769 1291 1805 sc

752 1846 877 1894 assentiri
898 1844 965 1892 dixit
988 1844 1045 1905 172,
1065 1845 1093 1904 3,
1122 1843 1239 1892 Pacatus
1264 1843 1292 1891 ei

751 1933 838 1996 prima
869 1932 927 1980 eius
957 1929 1062 1994 syllaba
1096 1931 1124 1978 in
1155 1929 1289 1979 Graecum

753 2022 857 2067 mutata
875 2017 1020 2066 obscenum
1044 2031 1143 2066 nomen
1165 2017 1292 2081 imposuit

752 2106 851 2165 453,1;
865 2103 975 2165 Craton,
988 2119 1048 2152 cum
1062 2103 1294 2153 commendaretur

752 2206 769 2240 a
797 2190 912 2240 Caesare
941 2191 1069 2241 Passieno
1098 2204 1148 2239 nec
1175 2194 1289 2249 curaret,

751 2278 938 2343 interroganti,
957 2291 1041 2341 quare
1059 2292 1113 2325 non
1132 2275 1291 2340 complecte-

752 2370 827 2415 retur
844 2365 913 2414 tanti
931 2365 982 2412 viri
999 2364 1121 2427 gratiam,
1144 2362 1231 2411 facete
1249 2375 1289 2411 re·

751 2446 858 2516 spondit
877 2452 991 2511 502,16.

805 2535 962 2589 Sententiae:
981 2536 1040 2598 398,
1053 2537 1078 2584 4.
1097 2536 1213 2597 475,16.

769 2659 772 2670 .
802 2623 962 2673 Divisionea:
982 2624 1040 2684 172,
1054 2624 1078 2672 5.
1098 2623 1212 2684 34316.

806 2708 918 2759 Colores:
937 2710 1055 2770 283,·20.
1075 2710 1134 2770 284,
1147 2710 1171 2758 3.
1191 2709 1250 2771 285,
1264 2710 1288 2758 3.

750 2798 864 2858 315,17,

714 2880 825 2935 Pastor
843 2900 868 2933 v.
887 2883 1001 2933 Aietius.

713 2967 866 3022 Paternus
890 2970 1055 3020 declamator
1078 2985 1127 3021 nec
1152 2970 1218 3020 clari
1240 2987 1287 3021 no·

749 3059 828 3108 minis
847 3072 897 3107 nec
915 3058 1002 3122 ignoti
1020 3058 1072 3107 fnit
1090 3059 1150 3119 454,
1164 3060 1187 3106 4.

713 3141 828 3196 Paulus
846 3161 872 3194 1.
891 3144 1030 3207 Aemilius,
1049 3145 1181 3196 Sabidius.

714 3223 916 3295 Παυσανίας.

805 3318 891 3369 Color.-
909 3320 1023 3380 504,10.

91 3448 94 3455 .
125 3405 181 3465 157,
195 3406 218 3454 9.
241 3406 298 3466 173,
312 3406 335 3454 7.
711 3402 1049 3457 Ρ6061.ΑΙ516616666.

86 3487 271 3543 Parrhasius
293 3494 380 3557 pictor
402 3491 573 3542 Atheniensis
596 3493 659 3542 Pro·
685 3474 687 3499 '
712 3491 825 3545 Persae
844 3495 903 3555 376,
917 3495 940 3542 3.
960 3495 1057 3554 5331.
1077 3493 1136 3554 557,
1150 3495 1174 3541 5.

122 3579 231 3628 methea
249 3581 336 3643 pinxit
355 3581 414 3641 493,
428 3581 443 3628 6
456 3595 510 3644 seq.
685 3562 687 3592 ¹
712 3577 822 3631 Perses
835 3579 1023 3644 (Macedonum
1036 3578 1093 3642 rex)
1107 3579 1228 3628 devictus
1246 3583 1287 3629 est

87 3662 206 3716 Parthi.
236 3665 348 3716 Crassus
370 3667 443 3730 apud
466 3681 511 3716 eos
535 3672 597 3732 eget
619 3681 658 3716 se·
746 3681 762 3715 6
780 3665 866 3715 Ρ6616
887 3668 945 3727 293,
959 3668 989 3730 2,
1012 3665 1285 3728 Εηι6111166573,16.

121 3752 233 3817 pulchro
256 3755 312 3815 109,
326 3755 366 3802 20.
710 3750 865 3805 Persicus
896 3754 1023 3803 Potentia
1051 3754 1114 3815 375,
1140 3754 1169 3816 3,
1199 3757 1286 3802 161161

85 3837 249 3892 Passienus
263 3847 352 3890 orator
366 3842 422 3904 172,
437 3842 460 3891 2.
481 3841 539 3905 283,
552 3841 599 3907 20,
617 3841 659 3892 uir
749 3841 853 3904 537,1·,
869 3839 1006 3905 11666666
1018 3841 1126 3896 sossi.
