2760 4110
126 149 191 214 604
659 166 782 220 111551.

125 322 290 391 Hispanus.
303 325 392 374 Fortis
404 330 433 375 et
441 326 555 391 agrestis
565 331 592 375 et
601 326 698 391 Hispa·
753 323 857 379 Italia.
884 326 951 377 Eius
975 329 1077 377 umeris
1103 327 1208 377 Cicero
1238 327 1337 379 relatus

161 426 212 461 nae
231 410 433 461 consuetudinis
451 413 551 475 51519,
570 413 610 462 17.
788 415 906 477 551292,
925 416 949 464 2.

126 497 278 565 Hispanus
296 516 321 549 v.
339 498 489 550 Cornelius.
752 498 893 554 Italicus.
911 500 990 552 Acies
1008 503 1068 562 561,
1090 503 1132 550 12.

126 584 437 651 11155011155155151.
752 584 831 640 1111111
854 593 882 637 51
904 588 1027 638 Petreius
1045 589 1152 637 mutuis
1172 586 1335 638 vulneribus

126 670 287 726 Homerus,
306 673 434 724 Dorionis
450 673 627 739 metaphrasis
639 672 698 723 eius
787 679 1014 725 concucurrerunt
1037 679 1064 724 et
1088 679 1194 724 mortes
1212 675 1335 724 faenera-

161 760 309 827 (odysseae,
327 767 355 812 51
372 761 486 823 vidant)
503 762 600 823 528,1.
786 767 884 812 verunt
896 763 955 823 583,
970 763 1009 811 11.

126 845 697 913 1101511115155111115155511155515381117.
751 846 859 901 Iudaei
876 863 893 898 a
911 847 986 898 Sosio
1009 847 1114 898 subacti
1138 854 1206 898 sunt
1226 850 1333 911 545,,8.

125 933 273 988 Horatius
291 935 478 998 (HHoratius
493 933 599 1000 Cocles)
618 933 698 983 Etru·
751 934 904 1000 legumus
921 937 980 997 573,
1001 935 1041 985 18.

160 1039 218 1073 scas
239 1024 312 1073 acies
339 1037 450 1088 corpore
477 1038 525 1073 suo
553 1023 699 1072 summovit
751 1020 851 1076 Iulius
864 1039 889 1073 v.
902 1022 1009 1073 Asilius.

159 1112 219 1172 467,
240 1112 262 1160 7,
752 1106 851 1162 Iulius
874 1108 974 1173 (151155
996 1109 1106 1174 Bassus)
1129 1109 1245 1160 sordide
1269 1110 1332 1159 dixit

125 1193 309 1249 Hortensius
328 1195 373 1261 (Q.
386 1196 560 1261 Hortensius)
579 1197 698 1260 55816,

160 1286 186 1334 15
199 1284 327 1334 55511555
339 1283 457 1348 persedit
468 1297 516 1348 per
528 1288 615 1333 totum
628 1283 698 1333 diem

162 1377 296 1421 51551555
314 1385 357 1420 res
375 1376 404 1420 et
421 1372 508 1436 pretia
526 1375 553 1420 51
566 1376 699 1436 emptores

160 1458 253 1508 ordine
270 1473 318 1507 suo
332 1458 489 1524 argentariis
505 1471 698 1522 recognoscen-

160 1545 232 1594 tibus
250 1546 297 1607 ita,
316 1546 392 1594 utin
410 1543 487 1594 nulia
505 1559 534 1594 re
550 1543 698 1606 falleretur,

160 1633 296 1682 recensuit
310 1635 350 1694 12,
365 1634 391 1697 13
411 1631 459 1682 (15.
478 1632 623 1697 Pompeius
641 1633 699 1681 eius

160 1734 188 1768 55
207 1719 333 1769 5115515111
352 1718 468 1769 libenter
489 1718 624 1784 professus
643 1723 698 1782 551,

160 1812 187 1855 51
213 1805 374 1856 Η511555155
401 1806 472 1855 bona
496 1805 620 1871 Pompei,
644 1820 698 1856 non

160 1893 318 1957 Pompeium
338 1891 495 1942 defenderat
511 1894 571 1954 292,
587 1893 627 1941 19.

126 1976 267 2044 Hybreas
290 1977 393 2043 (iilius).
419 1978 453 2028 Iu
476 1994 538 2029 eum
562 1978 699 2030 scordalus

161 2066 213 2115 fuit
225 2066 260 2115 Μ.
274 2065 390 2127 Tullius,
403 2064 540 2115 Ciceronis
553 2064 698 2129 61155582,

162 2157 202 2203 20.
222 2154 281 2216 583,
294 2155 323 2214 2,
342 2154 370 2201 15
383 2152 499 2217 55511551
517 2153 700 2216 postulatione

161 2242 244 2306 patris
263 2241 304 2290 sui
323 2244 408 2289 totum
427 2239 517 2289 iocum
534 2240 568 2289 ad
581 2240 698 2290 litteram

161 2328 285 2377 omnibus
298 2327 507 2392 agnoscentibus
520 2327 587 2376 dixit
601 2328 699 2390 582,1,

162 2414 231 2464 male
244 2414 316 2479 apud
329 2415 364 2463 M.
375 2413 505 2475 Tullium,
524 2412 610 2462 filium
623 2412 698 2463 Cice·

161 2503 242 2563 ronis,
261 2516 369 2551 causam
388 2501 521 2566 5511582,
540 2501 581 2550 20.

126 2585 267 2654 Hybreas
277 2587 377 2653 (pater)
391 2588 579 2637 disertissimus
589 2588 698 2648 111582,

161 2677 207 2736 20,
226 2676 326 2739 optime
345 2674 412 2724 dixit
429 2677 470 2737 56,
483 2677 512 2735 9,
530 2675 699 2739 vituperatur

161 2777 176 2811 a
189 2761 289 2811 Scauro
299 2764 341 2824 42,
354 2764 398 2825 16,
411 2763 618 2810 55511515151515
631 2761 699 2810 dixit

161 2849 194 2899 de
206 2848 263 2910 illo,
282 2850 329 2912 qui
347 2848 464 2898 tribadas
483 2847 658 2911 deprehendit
671 2853 699 2896 et

162 2935 319 2997 5551111142,
339 2935 383 2996 18,
407 2936 465 2984 51115
483 2934 554 2985 filius
572 2938 633 2998 582,
652 2937 697 2996 20,

161 3024 316 3072 5155151515
330 3021 418 3071 1551115
437 3022 471 3071 ad
484 3022 601 3071 litteram
615 3023 698 3072 omni·

162 3110 210 3158 bus
223 3108 431 3173 agnoscentibus
444 3107 516 3158 filius
526 3108 593 3158 dixit
602 3109 662 3171 583,
675 3110 697 3158 1.

218 3195 329 3245 Colores:
348 3197 425 3257 43,1.
438 3196 515 3257 tas.
530 3196 587 3256 175,
601 3196 624 3244 6.
638 3196 697 3257 311,

180 3286 200 3330 1.
218 3283 277 3343 379,
298 3282 336 3330 18.
350 3282 410 3342 381,
424 3283 464 3330 21.
484 3283 544 3342 429,
557 3282 581 3331 3.
600 3284 659 3343 554,
673 3283 697 3332 4,

125 3453 214 3508 India
233 3458 292 3518 521,
311 3456 351 3504 19.

127 3535 230 3606 Ἰνδός
253 3543 312 3603 527,
327 3543 349 3591 9.

125 3626 298 3693 Iphicrates
311 3643 380 3690 reus,
399 3629 471 3694 quod
484 3630 538 3678 1115
557 3631 585 3678 15
598 3628 696 3678 iudicio

160 3717 255 3765 fecerit
273 3717 332 3778 260,
351 3717 467 3766 5517.

119 3799 284 3868 15115555
302 3803 363 3868 tro,
382 3803 406 3854 5.
432 3802 492 3867 ste,
512 3803 535 3854 1.

787 1198 829 1257 42,
846 1199 875 1258 3,
900 1198 929 1245 15
947 1210 1009 1246 5515
1027 1195 1114 1246 multa
1133 1196 1205 1246 dixit
1224 1196 1330 1248 Cestius

787 1284 889 1346 49,16,
908 1282 1005 1333 Fulvio
1023 1282 1120 1348 Sparso
1140 1298 1205 1332 cum
1225 1297 1261 1333 eo
1281 1298 1331 1332 cer-

787 1376 878 1420 tamen
896 1369 949 1419 fuit
965 1371 1026 1432 453,
1043 1370 1072 1430 8,
1096 1384 1159 1420 eum
1179 1369 1233 1419 iiiii
1252 1370 1331 1420 Sene·

787 1470 836 1506 cae
848 1456 1061 1519 555151551453,
1070 1458 1099 1518 8,
1118 1456 1203 1508 homo
1216 1457 1332 1508 disertus

787 1543 847 1605 fuit,
861 1545 905 1593 cui
917 1544 1053 1608 demptam
1066 1542 1161 1606 velles,
1172 1560 1258 1610 quam
1272 1560 1331 1595 con·

787 1630 954 1692 sectabatur,
971 1631 1182 1681 amaritudinem
1203 1638 1233 1682 51
1252 1634 1330 1683 simu·

787 1716 916 1767 lationem
934 1718 1049 1767 actionis
1067 1719 1204 1768 oratoriae
1222 1721 1286 1780 453,
1304 1721 1328 1782 9,

788 1805 937 1855 5555551511
959 1803 1063 1854 solebat
1089 1818 1132 1854 res
1157 1805 1284 1855 sordidas
1306 1812 1330 1856 et

788 1891 945 1943 inveniebat
962 1892 1010 1955 551
1030 1890 1092 1940 illas
1111 1892 1195 1941 unice
1213 1895 1330 1958 suspice·

787 1986 855 2029 rent.
882 1978 1042 2029 declamavit
1065 1980 1280 2030 controversiam
1300 1979 1330 2029 de

787 2065 894 2128 lenone,
907 2068 954 2131 qui
963 2065 1056 2115 decem
1069 2065 1218 2115 iuvenibus
1227 2066 1329 2116 denun-

787 2154 874 2214 tiavit,
893 2153 922 2201 in
934 2152 1048 2216 lupanar
1060 2151 1231 2215 accederent,
1253 2159 1282 2204 51
1293 2154 1328 2203 io

787 2255 865 2289 15515
875 2241 939 2304 igne
952 2239 1081 2303 repletam
1091 2244 1163 2288 terra
1176 2241 1328 2304 superiecta

788 2327 884 2388 obruit,
901 2327 930 2374 in
943 2341 1023 2390 quarn
1040 2325 1262 2376 adulescentibus
1276 2327 1328 2392 lap·

788 2415 823 2462 sis
841 2398 1049 2478 et'consumptis
1063 2418 1208 2463 accusatur
1223 2416 1266 2463 rei
1283 2429 1327 2479 pu-

788 2501 875 2550 blicae
897 2500 987 2549 laesae
1009 2502 1133 2561 464113
1155 2500 1245 2550 audiit
1268 2516 1326 2551 eum

788 2586 983 2637 declamantem
998 2586 1136 2648 Albucius,
1154 2588 1202 2651 qui
1220 2593 1327 2637 senteu-

787 2675 852 2724 tiam
866 2674 923 2723 eius
935 2673 1117 2722 admirabatur
1129 2674 1190 2734 461,
1206 2675 1250 2735 16,
1265 2688 1325 2724 5515

786 2763 921 2826 vituperat
939 2759 1041 2809 Seneca
1059 2760 1118 2822 465,
1132 2761 1155 2808 6.

840 2846 997 2898 Sententiae.-
1019 2848 1125 2909 45,11.
1151 2847 1198 2908 52,
1220 2850 1261 2896 11.
1288 2849 1327 2910 63,

787 2937 829 2984 21.
856 2937 900 2995 75,
920 2935 943 2982 6.
971 2935 1092 2995 153,11.
1120 2934 1177 2994 165,
1201 2935 1241 2982 ib.
1269 2935 1326 2995 292,

786 3024 812 3070 4.
830 3023 890 3083 305,
904 3023 927 3070 7.
952 3023 1011 3083 313,
1032 3021 1072 3069 18.
1095 3020 1191 3082 320,1.
1210 3021 1325 3082 377,11.

787 3110 902 3171 38314.
927 3108 986 3169 403,
1007 3108 1046 3156 17.
1069 3107 1129 3169 405,
1150 3108 1189 3156 14.
1210 3108 1272 3171 457,
1286 3109 1325 3157 23.

787 3195 847 3257 468,
866 3197 889 3244 9.
914 3195 974 3256 482,
996 3195 1034 3242 13.
1059 3194 1119 3255 494,
1140 3195 1161 3243 1.

843 3282 955 3332 Colores.-
978 3283 1023 3342 42,
1047 3282 1071 3329 4.
1097 3281 1143 3342 49,
1169 3282 1209 3330 16.
1235 3284 1284 3345 69,
1305 3285 1325 3330 l.

786 3371 846 3431 410,
868 3370 908 3418 10.
933 3369 992 3430 464,
1017 3369 1039 3416 9.
1061 3368 1101 3417 18.
1123 3369 1183 3428 492,
1206 3369 1246 3418 19.

752 3453 851 3508 151155
879 3455 922 3519 (C.
946 3453 1031 3504 lulius
1054 3452 1166 3518 Caesar)
1193 3456 1260 3518 475,
1285 3458 1325 3504 21.

786 3545 846 3604 564,
866 3544 907 3592 21,
929 3543 989 3600 565,
1007 3543 1031 3590 4.
1054 3542 1113 3602 567,
1134 3541 1157 3590 7.
1182 3542 1244 3605 576,
1265 3544 1289 3593 1.
1304 3545 1324 3592 7.

786 3631 865 3678 1110.
885 3630 944 3691 678,
959 3630 982 3677 7.
1002 3628 1079 3677 divus
1097 3629 1156 3690 303,
1176 3629 1200 3677 7.
1223 3631 1284 3692 456,
1302 3634 1325 3680 4.

785 3717 845 3777 545,
861 3716 904 3777 18,
922 3715 1008 3764 115555
1021 3716 1144 3779 princeps
1156 3716 1218 3777 576,
1234 3720 1257 3780 1,
1276 3716 1326 3766 La·

785 3803 894 3852 barium
908 3801 982 3850 ludis
995 3804 1052 3849 suis
1061 3803 1174 3850 mimum
1189 3804 1326 3866 produxit,
