2760 4110
44 887 59 932 5

21 1934 53 1980 15

18 2455 51 2502 20

84 204 109 251 p.
130 188 180 237 aas
200 188 233 237 n.
574 189 645 237 nin.
661 188 699 237 vr
726 190 803 237 a-a.
1221 169 1285 234 257

82 351 160 405 sata.
185 342 283 406 malui
300 364 429 406 servum
449 343 701 427 frugalissimum
717 342 855 407 caedere
872 366 970 428 quam
989 354 1115 429 patrem
1132 346 1286 429 optimum

82 448 237 510 amittere.

656 585 715 648 Ill.

364 744 489 792 nrnrsn
508 743 624 792 norm
643 742 763 792 Lucra
781 743 853 792 reo
872 743 1001 793 caeru.

229 864 334 926 Maior
356 864 457 927 frater
481 863 605 926 dividat
631 864 874 948 patrimonium,
902 865 1005 927 minor
1029 863 1134 947 eligat.

384 968 499 1031 Liceat
520 967 622 1030 filium
646 990 688 1031 ex
711 966 828 1030 ancilla
850 966 971 1031 tollere.

211 1072 363 1155 Quidam,
389 1095 462 1135 cum
478 1070 615 1135 haberet
633 1071 811 1156 legitimum
833 1071 945 1156 filium,
969 1073 1068 1136 alium
1084 1096 1126 1137 ex
1142 1096 1195 1137 an-

141 1213 145 1219 ·
166 1175 238 1238 cilla
255 1175 383 1239 sustulit
399 1185 430 1239 et
446 1175 593 1239 decessit.
618 1178 721 1239 maior
735 1175 836 1239 frater
852 1178 898 1239 sic
915 1176 1033 1260 divisit,
1049 1186 1085 1240 ut
1099 1180 1194 1262 patri-

164 1282 305 1342 monium
327 1290 429 1344 totum
449 1303 491 1344 cx
512 1303 577 1343 una
592 1288 684 1365 parte
700 1290 844 1365 poneret,
869 1303 910 1344 ex
934 1280 1036 1345 altera
1058 1291 1195 1346 matrem

164 1384 261 1447 nothi.
293 1386 398 1447 minor
422 1384 518 1468 elegit
540 1394 677 1448 matrem
701 1394 732 1447 et
755 1394 888 1447 accusat
909 1384 1043 1449 fratrem
1060 1388 1193 1450 circum-

163 1490 354 1572 scriptionis

162 1592 254 1656 Vnus
279 1594 421 1656 omnium
444 1591 662 1656 exheredatus
686 1614 756 1655 sum
781 1591 966 1657 dividendo
998 1593 1143 1678 legisset,
1167 1597 1280 1680 inquit,

73 1695 209 1759 alteram
231 1705 365 1780 partem.
397 1706 432 1759 tu
456 1694 541 1759 solus
561 1695 633 1759 talis
648 1697 778 1780 potuisti
794 1718 864 1759 csse
880 1696 974 1780 filius,
999 1698 1101 1782 qualis
1117 1699 1219 1763 frater
1235 1722 1279 1764 es

73 1800 127 1862 lex
138 1810 170 1862 te
184 1799 339 1881 dividere,
355 1823 407 1863 me
421 1800 538 1883 eligere
551 1802 655 1863 iussit:
677 1810 799 1884 aperte,
816 1823 856 1863 nc
868 1803 973 1864 minor
984 1803 1279 1888 circumscribatur,

72 1908 171 1968 timet.
205 1907 250 1968 sic
276 1904 393 1986 divisit,
417 1919 461 1988 ut,
486 1907 511 1967 si
535 1903 652 1968 vellem
675 1927 739 1967 non
763 1926 833 1968 esse
857 1905 1040 1989 mendicus,
1064 1905 1281 1992 relinquerem

72 2010 206 2073 fratrem
228 2012 262 2072 in
287 2018 445 2092 egestate,
476 2018 614 2073 matrem
636 2011 668 2072 in
694 2007 874 2095 servijltute.
907 2032 972 2073 non
995 2020 1045 2074 est
1067 2011 1212 2075 dividere
1237 2034 1280 2075 ex

72 2114 173 2177 altera
195 2124 288 2197 parte
311 2115 538 2197 patrimonium
561 2135 697 2197 ponere,
726 2136 768 2176 ex
791 2112 892 2177 altera
921 2136 1010 2178 onus.
1042 2115 1113 2178 talis
1141 2115 1217 2199 fuit,
1244 2126 1281 2179 ut

72 2215 114 2279 illi
139 2215 332 2279 coheredem
355 2226 448 2300 pater
471 2239 513 2279 ex
536 2215 653 2279 aneilla
676 2215 808 2279 tolleret.
842 2214 935 2299 elige,
959 2226 994 2279 ut
1016 2226 1072 2280 aut
1086 2219 1277 2303 patrimonio

72 2344 184 2385 careas
205 2332 261 2385 aut
280 2322 412 2385 scelere.
442 2324 737 2406 circumscriptores
762 2320 825 2383 dici
849 2321 961 2405 solent,
986 2323 1039 2406 qui
1063 2322 1184 2408 aliquid
1207 2323 1278 2387 abs·

70 2425 224 2491 tulerunt:
248 2428 308 2488 iste
332 2425 409 2487 nihil
433 2425 569 2509 reliquit.
598 2434 647 2507 tu,
671 2426 787 2509 inquit,
811 2423 939 2487 voluisti
961 2447 1086 2509 pauper
1110 2446 1189 2489 csse.
1219 2449 1278 2491 cur

70 2552 147 2613 ergo
171 2551 299 2614 queror,
323 2531 349 2591 si
373 2539 516 2613 egestate
541 2528 705 2592 delector?
734 2527 829 2611 obici,
852 2530 964 2612 inquit,
989 2551 1053 2592 non
1068 2539 1174 2614 potest
1189 2530 1276 2615 quod

68 2632 140 2716 lege
163 2634 285 2696 factum
309 2642 365 2697 est.
398 2636 495 2696 immo
518 2632 596 2695 nihil
619 2634 680 2695 nisi
704 2632 790 2717 quod
813 2632 886 2715 lege
908 2632 1030 2695 facturn
1054 2644 1119 2716 est,
1151 2657 1226 2698 nam
1249 2636 1275 2698 si

69 2735 146 2821 quid
170 2737 261 2801 aliter
284 2747 411 2821 gestum
435 2747 493 2820 est,
516 2759 576 2821 per
596 2758 630 2799 sc
647 2738 777 2800 inritum
795 2745 851 2799 est.
877 2738 1131 2823 circumscriptio
1147 2761 1276 2826 semper

156 2925 292 2995 ΜΡαβλν
314 2932 326 2978 1
341 2928 424 2977 malui
437 2928 502 2991 <de>
514 2927 558 2992 (de
572 2927 630 2993 dcl.)
645 2934 676 2976 M
688 2926 697 2994 ll
710 2943 816 2977 servum
829 2946 877 2977 om.
893 2924 933 2995 ll
951 2929 1148 2994 frugalisimuin
1162 2930 1274 2996 (prinei

68 3033 132 3063 corr.
152 3032 184 3065 ex
202 3017 228 3078 e)
246 3020 270 3064 P
288 3012 296 3081 ll
316 3016 411 3064 cedere
430 3032 495 3063 corr.
515 3031 547 3063 en
565 3028 662 3064 cenere
681 3020 712 3062 M
729 3011 738 3080 ll
756 3016 772 3062 4
791 3014 864 3064 lecta
882 3031 929 3080 pro
950 3023 1025 3080 patre
1045 3022 1063 3063 S
1081 3016 1165 3067 fundo
1184 3019 1273 3083 prohi-

67 3103 146 3150 betur
163 3116 184 3150 α
202 3096 210 3168 ἰῇ
229 3105 244 3149 5
264 3102 347 3151 frater
363 3118 410 3150 om.
425 3096 445 3148 λ
463 3097 471 3166 ll
490 3102 505 3148 6
523 3100 620 3149 tollere
633 3114 666 3149 ex
679 3100 780 3149 ancilla
792 3115 812 3150 α
830 3098 838 3167 ll
859 3103 890 3150 12
905 3117 973 3151 onus
985 3107 1008 3151 P
1027 3100 1035 3168 ll
1053 3103 1218 3153 hereditatus
1231 3118 1252 3155 α
1264 3102 1272 3172 ll

65 3188 210 3237 diuidendo
229 3205 294 3236 corr.
308 3205 340 3237 ex
359 3187 472 3236 diceudo
487 3192 518 3235 M
535 3184 544 3253 il
562 3186 674 3252 legisses
693 3182 713 3236 λ
731 3183 739 3253 ll
760 3188 791 3235 13
811 3194 914 3252 patrem
932 3193 955 3237 P
974 3186 982 3255 ll
1002 3204 1030 3237 es
1042 3207 1089 3239 om.
1102 3203 1123 3239 α
1142 3192 1218 3240 heres
1231 3187 1251 3241 λ
1263 3189 1272 3259 ll

69 3277 99 3323 14
117 3281 210 3339 aparte
230 3280 261 3323 M
279 3290 295 3323 a
314 3280 390 3339 patre
409 3278 432 3321 P
451 3270 459 3340 ll
478 3273 694 3322 circumscribam
715 3269 735 3323 λ
752 3270 761 3340 ll
782 3278 812 3323 15
831 3269 917 3342 &Amet
936 3274 963 3339 (e
976 3280 1054 3337 erar.)
1070 3278 1112 3325 M¹
1129 3295 1194 3326 corr.
1209 3279 1251 3326 M²
1263 3274 1272 3345 l}

64 3377 149 3411 essem
169 3376 189 3411 α
211 3360 219 3428 ll
245 3363 276 3410 16
294 3367 399 3426 gestate
418 3361 460 3408 M¹
480 3378 544 3409 corr.
564 3359 607 3408 M²
625 3357 633 3428 ll
652 3362 815 3410 seruitutute
833 3366 856 3409 P
878 3358 887 3429 ll
910 3377 965 3411 non
984 3369 1025 3411 est
1043 3365 1082 3412 bic
1099 3382 1147 3414 εον.
1167 3363 1271 3430 (priore

64 3452 113 3497 loco
132 3448 179 3498 det.
199 3448 252 3504 Ml)
272 3454 303 3496 M
326 3446 335 3514 {ff
360 3448 389 3496 17
408 3443 497 3515 {onus
516 3447 544 3511 (li
563 3448 641 3510 erar.)
660 3462 680 3497 α
703 3444 711 3515 ll
736 3448 791 3497 tale
809 3448 845 3496 1³²
866 3446 875 3513 l
900 3450 931 3497 18
951 3448 1026 3498 illico
1045 3449 1172 3500 heredem
1192 3451 1269 3517 (corr.

64 3553 95 3585 ea
113 3535 220 3597 hedera)
241 3540 272 3583 M
290 3534 331 3583 illi
352 3534 529 3584 cboheredem
542 3539 565 3582 P
584 3531 592 3600 ll
611 3534 689 3600 elege
702 3536 744 3583 M¹
757 3553 823 3584 corr.
836 3534 879 3583 M³
896 3532 905 3601 ll
923 3542 971 3584 aut
983 3553 1030 3585 om.
1044 3551 1064 3586 α
1082 3536 1090 3603 ᾗ
1110 3540 1142 3586 19
1155 3538 1268 3607 aliquid]

64 3622 138 3671 aliud
157 3627 180 3670 P
198 3618 207 3689 Η
227 3624 260 3670 20
278 3618 392 3689 inquid?
410 3624 439 3686 (a
457 3621 509 3671 vid.
529 3638 595 3671 eras.
614 3620 677 3685 ease)
697 3627 728 3670 M
747 3620 755 3689 ,l
774 3624 804 3670 21
820 3636 869 3687 ego
887 3626 910 3670 P
929 3619 1046 3687 igiturd
1063 3622 1072 3691 ἔξ
1089 3640 1204 3689 quaeror
1217 3632 1248 3675 M
1260 3624 1270 3695 ll

64 3709 183 3759 delector
202 3726 267 3757 corr.
287 3725 319 3758 ac
337 3708 440 3759 deletor
459 3714 490 3757 M
512 3706 521 3775 ll
545 3710 578 3757 22
597 3710 676 3758 verba
694 3710 776 3757 immo
796 3746 801 3757 .
821 3746 827 3757 .
846 3746 851 3757 .
870 3707 972 3758 factum
997 3716 1038 3759 est
1060 3728 1107 3760 orn.
1126 3716 1150 3760 P
1173 3708 1182 3780 ll
1203 3714 1269 3777 <ex>

65 3797 126 3862 lege
147 3792 166 3846 λ

118 3891 201 3929 Seneca
214 3889 294 3930 rhetor,
1107 3880 1144 3925 t't
