2760 4110
563 145 776 196 PRAEFATIO.
1152 137 1268 193 XXIII

170 302 208 364 In
240 303 529 364 controversiarum
560 312 592 364 et
614 304 827 365 suasoriarum
851 313 952 384 textu,
984 326 1080 387 quem
1104 326 1267 386 vocamus,

67 404 292 470 constituendo
323 404 407 468 hanc
437 405 544 488 legem
574 405 650 468 mihi
681 405 919 469 observandam
950 430 1019 470 esse
1050 406 1200 488 iudicavi,
1234 418 1268 471 ut

66 510 189 574 codicis
219 519 243 572 0
272 509 423 573 lectiones
455 532 568 572 eruero
599 509 762 573 studerem
793 513 904 594 iisque,
942 534 1015 574 cum
1046 534 1168 596 pravae
1196 535 1267 574 esse

64 614 270 696 viderentur,
302 616 516 677 recentiorum
548 613 702 677 librorum
733 614 851 678 auxilio
882 613 1043 678 medelam
1074 617 1190 679 afferre
1219 639 1267 679 co-

64 741 178 801 narer3
202 741 260 803 per
283 718 403 803 aliquot
425 728 532 802 partes
555 725 592 781 Ε
615 728 647 781 et
670 729 896 802 excerptorum
923 719 1060 802 codices,
1086 720 1125 783 de
1150 720 1267 805 quibus

64 833 179 908 postea
207 845 311 886 sermo
336 825 403 904 erit,
428 831 664 886 succurrerunt.
689 833 785 907 atque
809 823 977 909 archetypi
1001 827 1191 908 scripturam
1207 833 1266 885 AB

63 926 155 990 haud
187 926 284 990 dubie
314 925 440 991 fidelius
472 936 746 989 conservaverunt
776 949 873 1011 quam
895 933 936 1008 V,
967 927 1007 990 de
1039 931 1128 991 cuius
1160 927 1266 992 indole

63 1054 164 1116 supra
189 1029 310 1095 dictum
337 1041 393 1094 est.
425 1030 476 1092 hic
508 1032 602 1112 onim,
634 1040 669 1093 ut
699 1029 818 1093 leviora
850 1054 976 1116 quoque
1009 1054 1265 1113 commemorem,

63 1158 131 1199 non
147 1135 249 1199 solum
273 1136 438 1219 antiquam
453 1134 556 1198 verba
579 1134 741 1197 scribendi
763 1137 920 1198 rationem
936 1134 1040 1220 (velut
1063 1136 1184 1196 tranat
1207 1159 1265 1219 pro

63 1239 214 1315 transiit,
246 1261 348 1324 quom,
379 1237 455 1315 volt,
485 1237 644 1313 citamus,
676 1240 732 1300 boc
755 1262 812 1323 pro
837 1240 908 1314 huc,
934 1239 1010 1321 alia3
1035 1241 1131 1302 etiam
1155 1239 1266 1324 inperii

62 1366 121 1428 pro
154 1342 293 1429 inponit)
324 1365 427 1428 paene
458 1341 601 1406 funditus
632 1343 757 1405 sustulit
785 1351 815 1405 ct
839 1345 870 1405 in
893 1342 1060 1407 vocabulis
1085 1345 1265 1427 compositis

62 1449 242 1532 genuinam
265 1449 534 1532 praepositionum
557 1447 693 1510 formam
716 1447 930 1530 assimilando,
954 1459 989 1510 ut
1005 1451 1094 1511 aiunt
1109 1451 1162 1532 qui
1179 1465 1265 1511 nuno

62 1561 139 1615 sunt
161 1553 377 1636 grammatici,
409 1561 591 1615 constanter
618 1553 754 1614 mutavit
784 1550 842 1614 scd
866 1554 978 1633 etiam,
1010 1552 1042 1614 id
1074 1552 1159 1637 quod
1189 1552 1266 1616 fidei

62 1659 132 1720 eius
156 1656 292 1719 multum
316 1655 464 1738 detrahit,
487 1655 590 1718 verba
614 1666 764 1739 comupta
789 1655 950 1719 interdum
977 1657 1144 1720 manifesto
1172 1659 1265 1720 inter·

61 1761 186 1846 polavit
201 1770 257 1823 aut
273 1762 377 1843 etiam,
403 1782 485 1843 quae
502 1759 633 1845 quidem
648 1759 789 1842 intellegi
810 1783 873 1823 non
888 1770 1027 1845 possent,
1053 1759 1093 1823 de
1110 1759 1265 1823 imlustria

61 1867 177 1928 omisit.
203 1866 321 1949 itaque,
346 1866 470 1927 etiamsi
492 1886 629 1948 magnus
653 1866 720 1926 sine
742 1862 839 1926 dubio
862 1863 984 1926 fructus
1008 1887 1050 1926 ex
1074 1872 1106 1925 V
1130 1867 1264 1948 capitur,

60 1980 173 2033 tamen
190 1968 338 2032 codicum
354 1977 413 2031 AB
434 1970 612 2032 auctoritati
628 1970 731 2051 magis
754 1967 935 2052 parendum
951 1977 1008 2049 est,
1033 1970 1096 2052 qui,
1119 1971 1265 2051 quamvis

60 2074 165 2137 multa
193 2073 403 2157 neglegenter
426 2075 545 2158 scripta
573 2082 605 2135 ct
627 2072 789 2135 interdum
820 2071 893 2157 (sed
923 2074 956 2135 in
986 2081 1014 2132 Β
1044 2072 1138 2156 paulo
1161 2074 1265 2134 rarius

61 2200 164 2262 quam
194 2179 226 2239 in
254 2176 299 2263 A)
330 2179 471 2262 ipsorum
501 2177 704 2240 librariorum
732 2199 832 2260 pravo
862 2175 978 2240 iudicio
1007 2176 1121 2239 leviter
1143 2186 1266 2239 mutata

61 2280 252 2363 exhibeant,
268 2291 376 2345 tamen
396 2283 429 2345 in
444 2283 640 2363 universum,
661 2283 850 2365 praesertim
866 2303 941 2343 cum
959 2279 1264 2364 interpolationibus

61 2409 148 2471 quae
164 2395 253 2449 recte
272 2396 438 2468 vocantur,
462 2407 591 2470 prorsus
614 2385 682 2448 fere
700 2396 831 2448 careant
839 2386 875 2469 ¹),
900 2384 1068 2469 archetypi
1091 2385 1265 2465 imaginem

60 2500 311 2575 repraesentent
334 2501 365 2554 et
389 2490 555 2553 clariorem
579 2500 611 2552 ot
632 2492 800 2553 veriorem.

165 2595 208 2658 H.
234 2593 400 2658 Codices
423 2594 582 2657 alterius
606 2592 750 2674 classiS,
775 2594 829 2676 qui
846 2594 1007 2655 continent
1023 2600 1177 2674 excerpta
1194 2613 1264 2654 con-

59 2700 294 2765 troversiarum
324 2707 356 2761 et
384 2697 597 2782 praefationes
627 2697 780 2760 librorum
810 2696 835 2777 I,
864 2697 907 2777 II,
935 2696 994 2778 III,
1018 2695 1095 2777 llll,
1118 2696 1193 2777 VII,
1221 2696 1263 2758 X.

171 2804 200 2866 1.
239 2801 353 2866 Codex
389 2801 751 2885 Montepessulanus
786 2799 851 2885 (M)
886 2799 1099 2863 bibliothecae
1136 2799 1265 2862 scholae

59 2908 213 2974 medicae
241 2905 543 2990 Montepessulanae
570 2929 617 2968 nr.
650 2905 711 2967 126
742 2905 1021 2986 membranaceus,
1044 2904 1165 2966 formae
1190 2926 1264 2988 qua-

60 3014 187 3095 dratae,
213 3013 267 3096 qui
283 3010 411 3074 sacculo
427 3010 536 3090 VHIl,
560 3019 596 3072 ut
616 3008 726 3072 Librio
750 3009 887 3091 ridetur,
912 3009 1039 3072 saeculo
1062 3009 1105 3090 X,
1130 3018 1164 3071 ut
1185 3009 1264 3070 Bur-

60 3239 230 3303 Schultingii
249 3237 438 3287 cavillationes
455 3236 584 3302 legimus)
603 3251 690 3300 neque
709 3237 873 3284 recentiores
891 3241 954 3285 ante
968 3234 1119 3284 Vahlenum
1135 3241 1162 3282 et
1175 3233 1264 3281 Kiess·

59 3327 189 3391 lingium.
203 3330 322 3374 ceterum
337 3325 539 3388 epitomatorem
559 3337 609 3372 nee
629 3325 693 3371 satis
705 3324 791 3386 perite
810 3324 938 3371 noceatis
957 3321 1102 3385 diligenter
1114 3322 1142 3367 in
1155 3321 1265 3384 negotio

59 3429 110 3464 suo
131 3411 305 3476 exsequendo
323 3416 458 3460 versatum
479 3425 546 3471 esse,
565 3411 611 3474 qui
630 3408 702 3459 haud
721 3424 780 3459 raro
801 3410 948 3458 sententias
972 3414 1027 3456 tam
1046 3412 1103 3456 arte
1123 3422 1184 3455 cum
1203 3406 1265 3455 aliis

59 3513 189 3560 conexas,
213 3504 245 3546 ut
262 3498 321 3546 sine
340 3497 437 3546 damno
457 3495 563 3546 abillis
586 3494 680 3544 divelli
703 3511 758 3544 non
777 3500 893 3560 possent,
912 3509 984 3543 nexu
1003 3494 1050 3542 illo
1071 3493 1207 3542 exsolutae
1226 3495 1265 3542 ita

57 3587 205 3652 posuisset,
229 3591 261 3633 ut
279 3583 432 3649 legentibus
451 3586 559 3649 ineptae
579 3584 706 3646 omnique
729 3598 811 3632 sensu
834 3582 979 3630 destitutae
1003 3581 1166 3641 viderentur,
1191 3585 1265 3628 recte

57 3675 130 3725 dixit
150 3673 299 3722 Bureiauus
317 3687 341 3736 p.
363 3671 439 3720 VIII.

169 3759 190 3824 ¹)
211 3758 250 3807 cf.
269 3774 295 3823 p.
314 3758 406 3806 XXXI
425 3759 485 3806 adn.
509 3761 529 3806 1.
