2760 4110
584 122 796 173 PRAEFATIO.
1195 112 1289 168 XVII

197 279 225 342 i.
252 276 365 342 Codex
388 276 656 341 Bruxeliensis
679 284 737 362 (D)
760 277 974 341 bibliothecae
998 281 1106 362 regiae
1130 303 1177 343 nr.
1203 280 1289 342 9144

87 383 292 464 chartaceus,
325 383 378 466 qui
402 381 530 444 saeculo
552 382 618 445 XV
641 391 793 444 exaratus
824 392 880 446 cst.
909 382 990 446 foliis
1013 382 1075 445 221
1102 383 1288 462 Quintiliani

87 486 341 550 declamationes
369 498 401 548 et
429 485 572 549 Senecae
600 487 757 548 suasorias
791 489 1086 572 controversiasque
1118 487 1184 567 (fol.
1216 488 1289 550 129Γ

86 591 224 677 -220’)
246 600 278 653 et
300 592 422 653 initium
438 589 541 652 Taciti
566 589 681 673 dialogi
705 589 745 652 de
762 591 940 654 oraton'bus
957 592 1137 678 eontinet.¹)
1162 592 1289 657 Graeca

88 697 209 760 desunt
221 696 340 776 omnia,
358 694 552 778 ubicumque
565 693 715 777 ponenda
726 695 865 777 fuerunt,
881 696 989 759 scriba
1001 699 1137 780 spatium
1148 719 1289 760 vacuum

87 800 228 884 reliquit.
254 807 416 861 correctus
439 808 487 861 est
510 821 529 860 a
546 796 671 861 duabus
694 799 841 862 manibus
861 822 990 882 prorsus
1007 799 1151 863 eiusdem
1166 803 1288 882 aetatis,

89 925 229 990 quarum
252 901 353 965 altera
376 924 450 964 cum
472 904 601 965 nomina
616 901 789 984 rhetorum,
813 913 881 965 tum
898 905 1002 966 varias
1018 906 1113 967 etiam
1137 905 1289 968 lectiones

87 1009 142 1071 hic
166 1006 230 1070 illic
254 1005 351 1069 rubro
368 1005 473 1069 colore
489 1004 622 1068 addidit.
647 1006 702 1069 ubi
718 1005 759 1068 ah
776 1006 876 1069 altera
892 1028 989 1070 mrum
1004 1010 1036 1070 in
1052 1011 1170 1072 rasuris
1186 1032 1289 1071 novae

87 1113 217 1176 litterae
233 1120 412 1174 atramento
429 1112 566 1194 scriptae
590 1120 673 1192 sunt,
697 1133 769 1173 raro
793 1109 869 1194 quid
892 1113 980 1195 pn'us
1004 1122 1172 1175 exaratum
1195 1113 1291 1176 fuerit

87 1217 283 1302 perspicitur
298 1216 547 1298 saepissimeque
572 1212 705 1277 dubium
722 1225 779 1296 est,
803 1224 910 1278 utrum
925 1221 966 1276 D¹
984 1239 1025 1278 an
1041 1220 1084 1277 D²
1100 1218 1290 1300 scripturam

88 1321 278 1384 eorrexerit.
312 1317 375 1381 duo
407 1317 458 1380 rel
489 1319 549 1380 tria
580 1317 739 1381 vocabula
769 1341 925 1402 persaepe
956 1319 1048 1382 aliter
1077 1331 1173 1405 atque
1204 1322 1237 1383 in
1265 1329 1290 1382 0
1361 1349 1364 1353 ⁴

88 1424 248 1488 collocata
263 1431 351 1504 sunt3
372 1432 478 1485 rectus
495 1420 573 1484 ordo
589 1444 827 1506 nonnumquam
845 1424 942 1506 signis
966 1423 1117 1508 adpositis
1132 1423 1291 1487 indicatus

88 1539 139 1591 est
151 1525 224 1613 (ubi
239 1526 301 1589 hae
317 1528 397 1588 inre
410 1534 438 1586 D
454 1549 473 1587 a
487 1534 510 1587 0
523 1524 731 1609 discreparet,
744 1549 805 1588 non
819 1525 1006 1590 adnotatum
1019 1538 1090 1613 ost).
1099 1566 1142 1574 -
1154 1527 1291 1591 Librum

89 1630 226 1695 contulit
248 1631 291 1693 H.
315 1631 345 1693 J.
370 1628 550 1714 Meliora)

198 1733 227 1797 8.
254 1733 423 1797 Corrector
447 1732 565 1796 codicis
589 1733 764 1796 Toletani
792 1732 852 1820 (r),
884 1737 937 1819 qui
969 1735 1073 1798 officio
1095 1738 1139 1798 ita
1161 1736 1291 1798 functus

88 1831 156 1925 est,
175 1851 211 1903 ut
234 1841 302 1902 eius
334 1861 431 1922 opera
461 1838 626 1922 permultis
654 1838 731 1901 loeis
761 1841 830 1922 ipsa
854 1840 998 1903 Senecae
1022 1839 1123 1903 verba
1146 1843 1293 1904 restituta

198 2085 264 2134 Post
283 2083 351 2132 haec
369 2098 424 2132 una
441 2082 515 2131 linea
533 2083 638 2132 abscisa
656 2089 705 2144 est,
723 2085 750 2131 in
771 2084 867 2147 quali.
881 2082 985 2133 Kiibler
1003 2083 1069 2133 haec
1082 2099 1229 2148 agnoscere
1242 2085 1292 2134 sibi

87 2175 167 2222 visus
185 2177 239 2221 est:
264 2167 300 2218 ‘in
318 2176 385 2220 tuno
400 2170 435 2235 (i)
449 2208 454 2218 .
470 2207 494 2218 ..
515 2169 659 2219 cardinalis
678 2170 857 2226 sanctiPetri
877 2171 909 2220 ad
930 2170 1104 2221 vincula...
1130 2172 1173 2220 die
1196 2171 1293 2220 ultima

89 2259 244 2310 decembris
264 2254 349 2306 1458’.
373 2272 474 2306 annum
493 2263 565 2306 reete
583 2257 731 2306 indicatum
752 2271 810 2307 esse
829 2257 917 2319 credo,
942 2274 1002 2307 oum
1022 2257 1150 2307 Nicolaus
1170 2258 1203 2307 de
1222 2258 1293 2307 Casa

87 2362 163 2396 anno
186 2345 252 2394 1448
272 2343 416 2394 cardinalis
434 2344 521 2392 factus
541 2349 568 2393 et
586 2359 658 2393 anno
679 2347 746 2394 1464
766 2351 888 2394 mortuus
906 2346 948 2394 sit.

198 2432 218 2496 ¹)
228 2433 304 2481 Inter
314 2431 475 2491 Quintiliani
487 2430 660 2496 Senecasque
671 2448 753 2495 opera
763 2432 867 2481 duabus
880 2434 985 2497 paginis
997 2431 1053 2497 (fol.
1062 2433 1125 2480 miv
1135 2432 1201 2496 seq.)
1212 2433 1293 2497 serip-

88 2527 119 2570 ta
131 2524 210 2570 extat
220 2515 344 2584 ‘epistola
356 2519 462 2582 Lysidis
475 2518 648 2582 Pythagorici
662 2520 696 2568 ad
707 2516 910 2584 Hipparchum’,
923 2521 967 2568 cui
982 2520 1127 2583 praemissa
1140 2524 1203 2568 sant
1213 2519 1292 2568 haec:

197 2601 347 2655 ‘Athanasii
366 2604 658 2670 constantinopolitani
677 2605 710 2655 de
729 2621 793 2655 arcu
812 2606 846 2655 ad
864 2606 1118 2655 reverendissimum
1138 2621 1169 2654 ac
1188 2607 1292 2670 sapien·

88 2693 226 2743 tissimum
245 2690 383 2740 dominum
401 2691 542 2740 Nicolaum
563 2692 674 2741 Cassam
694 2694 753 2753 (aie)
773 2691 947 2742 cardinalem.

199 2777 267 2828 Cum
281 2778 414 2843 quendam
432 2777 529 2827 librum
544 2777 677 2828 Graecum
696 2779 863 2827 diversarum
884 2778 1057 2844 epistolarum
1077 2778 1204 2843 legerem,
1223 2781 1294 2827 inter

88 2873 198 2917 ceteras
220 2864 292 2914 hanc
314 2864 422 2928 Lysidis
445 2854 585 2929 epistolam
610 2866 662 2914 viri
680 2865 855 2930 Pythagorici
874 2865 981 2927 offendi,
1005 2866 1293 2930 qnam,cun1Pytha-

87 2955 186 3019 gorica
209 2951 330 3000 doctrina
352 2950 501 3016 moralique
520 2951 691 3016 philosophia
713 2952 812 3002 referta
832 2954 874 3013 sit,
898 2955 925 3000 in
945 2953 1070 3002 Latinam
1089 2952 1212 3017 linguam
1232 2968 1294 3001 con·

88 3045 200 3092 vertere
219 3037 302 3100 volui,
321 3043 352 3086 ut
369 3038 420 3087 tibi
439 3044 466 3087 et
484 3038 667 3104 Pythagorica
686 3046 713 3088 et
732 3039 877 3088 christiana
896 3040 1052 3102 praesertim
1068 3039 1190 3088 doctrina
1208 3041 1294 3088 incre·

88 3126 227 3190 dibilique
249 3126 364 3174 veritate
382 3125 504 3189 praedito
523 3125 682 3174 dedicarem.
713 3140 804 3189 quare,
829 3127 851 3175 si
870 3131 916 3174 tuo
942 3127 1042 3189 optimo
1066 3127 1294 3189 integerrimoque

87 3213 194 3263 iudicio
213 3211 285 3261 hanc
303 3226 392 3260 meam
405 3211 633 3260 tradutiunculam
647 3214 705 3273 (cic)
719 3211 881 3276 probareris,
901 3218 928 3260 et
946 3211 1001 3260 alia
1019 3217 1065 3260 tuo
1085 3213 1187 3260 nourini
1206 3212 1294 3260 tradu-

88 3299 180 3351 cenda
197 3299 303 3363 ingenti
321 3299 411 3347 animo
432 3298 538 3347 curabo.
558 3295 636 3347 vale'.
708 3341 711 3347 .

198 3385 219 3450 ²)
239 3385 271 3433 In
290 3383 345 3435 fine
358 3386 601 3435 controversiarum
620 3385 653 3434 ad
673 3387 822 3450 marginem
842 3384 888 3433 fol.
908 3386 969 3434 220¹
985 3385 1053 3434 haec
1071 3384 1206 3449 adscripta
1219 3391 1295 3434 sunt:

88 3472 133 3524 ‘In
153 3471 303 3537 exemplari
322 3474 386 3522 satis
398 3478 514 3534 vetusto,
532 3472 578 3522 sed
591 3472 718 3522 mendoso
732 3472 801 3522 nihil
814 3472 929 3537 amplius
945 3480 1009 3522 erat.
1023 3471 1167 3536 diligenter
1181 3472 1296 3521 describi

89 3560 195 3612 curavi.
221 3559 291 3622 vale,
311 3559 424 3610 candide
443 3557 544 3609 lector'.
564 3575 634 3624 quae
653 3561 681 3608 in
700 3561 778 3608 initio
798 3566 825 3608 et
841 3559 895 3608 fine
912 3559 1035 3608 codicum
1053 3565 1097 3608 Do
1116 3560 1215 3623 scripta
1233 3565 1296 3607 sunt

90 3664 152 3701 eum
174 3647 380 3710 considerarem,
399 3647 528 3696 credibile
546 3647 613 3695 mihi
632 3648 719 3695 visum
738 3652 779 3695 est
798 3662 867 3708 eum,
887 3647 934 3710 qui
952 3646 1024 3694 hunc
1046 3645 1165 3695 codicem
1182 3652 1206 3694 D
1226 3642 1294 3693 ‘dili-

90 3740 189 3802 genter
208 3733 322 3783 describi
342 3732 463 3796 curaviff,
482 3736 568 3799 ipsum
588 3733 731 3783 Nicolaum
751 3733 886 3783 Cusanum
906 3733 999 3786 fuisse.

145 3830 230 3870 Seneca
244 3827 325 3868 rhetor.
1135 3826 1158 3868 b
