2760 4110
62 208 68 220 Ι
128 124 191 191 608
662 141 786 196 runnu.

161 304 267 350 tantum
285 298 384 349 leuiter
397 301 548 364 composuit
566 299 700 349 1511111111-

161 387 248 448 misse,
268 392 295 435 et
308 387 399 436 omnia
416 386 445 435 in
457 385 505 440 illo
524 386 631 453 epilogo
643 387 700 437 fere

160 487 214 523 non
228 478 333 522 tautum
346 472 485 523 emollitae
498 474 699 538 compositionis

161 565 237 608 515111
250 558 296 609 sed
308 559 440 609 infractae
458 561 517 622 309,
532 561 561 622 6,
580 560 700 610 cumina

160 647 232 709 ciris,
260 647 383 712 quamvis
410 647 501 697 iocosa
527 647 589 708 sint,
619 645 700 711 plena

160 739 223 782 sunt
250 734 370 798 ingentis
396 735 494 796 animi,
519 733 597 783 velut
622 732 698 795 illud,

159 835 213 884 quo
232 820 390 885 Pompeium
409 821 491 869 irrisit
507 821 566 882 308,
580 821 627 883 22,
645 815 698 868 ‘de-

159 904 295 957 clamatio'
324 907 397 972 apud
423 906 529 955 nullum
557 907 698 971 antiquum

159 1000 295 1043 auctorem
305 999 369 1043 ante
380 992 537 1043 Ciceronem
547 1000 574 1043 et
585 992 698 1043 Calvum

158 1081 275 1130 inveniri
293 1085 389 1145 potest,
408 1082 456 1146 qui
474 1079 698 1131 declamationem

158 1182 175 1216 a
188 1167 307 1217 dictione
325 1166 448 1218 distinxit
461 1168 484 1228 7,
500 1169 539 1216 10.

122 1249 258 1305 Licinius
270 1251 313 1317 (L.
323 1254 446 1304 Licinius
455 1253 577 1318 Crassus)
587 1253 697 1303 fortissi-

156 1355 215 1389 mus
233 1340 287 1390 dux
307 1343 365 1403 252,
379 1343 426 1406 21,
446 1341 604 1405 Spartacum
623 1339 696 1389 devi-

157 1429 195 1478 cit
214 1429 273 1490 293,
292 1429 321 1492 3,
344 1433 439 1493 captus
458 1433 498 1477 est
517 1429 618 1490 253,1,
637 1431 697 1493 post

157 1517 306 1580 euestigata
317 1514 367 1564 illa
378 1515 554 1580 fugitivorum
566 1528 642 1564 arma
653 1530 696 1564 ur·

156 1602 197 1652 his
206 1602 345 1653 Romanae
357 1601 532 1651 divitissimus
545 1603 612 1651 civis
624 1602 696 1666 apud

157 1690 270 1739 Parthos
283 1694 345 1754 eget
357 1688 500 1754 sepulchro
512 1703 622 1755 quoque
638 1690 695 1752 109,

159 1778 204 1840 19,
232 1791 286 1824 11511
313 1777 430 1840 privatas
451 1775 620 1842 perdiderat,
649 1775 696 1825 sed

155 1862 277 1927 publicas
295 1877 359 1927 opes
372 1864 431 1924 243,
447 1863 486 1913 18.

121 1945 257 2001 Llelnlus
271 1948 313 2012 (L.
327 1949 448 1999 Licinius
460 1948 612 2015 Lucullus).
629 1950 695 2001 Eius

155 2035 263 2085 luxuria
269 2037 329 2097 390,
337 2038 382 2100 10,
393 2037 515 2086 centurio
525 2038 583 2087 eius
592 2036 694 2086 Mithri·

156 2123 238 2172 daten
254 2137 309 2171 non
328 2123 416 2187 potuit
435 2123 558 2172 occidere
578 2125 637 2185 280,
653 2124 694 2173 25.

121 2206 256 2261 Lieiulus
277 2209 409 2273 (Licinius
421 2208 522 2273 Nepos)
541 2211 633 2274 inepte
652 2210 695 2259 de·

789 299 901 349 timebat
921 303 949 348 et
966 297 1077 349 facilius
1096 301 1218 365 putavit
1234 316 1331 366 possea

788 401 817 436 se
836 384 996 448 Sallustium
1009 386 1096 450 vinci,
1110 387 1141 436 'si
1161 393 1232 438 aute
1244 404 1261 439 a
1272 389 1331 440 Thu·

788 471 885 537 cydide
896 473 1052 523 vinceretur
1065 473 1130 537 380,
1148 476 1201 539 16,
1214 475 1332 527 indicium

789 560 846 609 eius
864 559 1076 622 decretoribus,
1096 562 1148 626 qui
1169 562 1259 612 verba
1275 564 1333 613 auti·

787 660 841 711 qua
863 650 891 696 et
918 645 1025 696 sordida
1052 648 1294 701 consectabantur
1312 656 1336 700 ot

788 732 917 782 orationis
939 731 1137 791 obscuritatem
1163 737 1334 787 severitatem

787 819 919 884 putabant
932 821 992 882 393,
1007 821 1050 884 15,
1067 819 1102 871 L.
1116 821 1244 888 Magius,
1259 837 1335 889 gener

788 907 853 968 eius,
866 904 958 970 aliquo
971 911 1095 971 tempore
1107 923 1194 959 suum
1209 910 1335 976 populum

786 992 889 1054 habuit,
907 1007 969 1042 cum
987 991 1064 1043 illum
1085 993 1221 1046 homiues
1241 1013 1296 1047 non
1310 1000 1336 1046 iu

786 1079 870 1144 ipsius
882 1079 1010 1129 honorem
1022 1078 1184 1145 laudarent,
1198 1082 1251 1133 sed
1263 1085 1290 1135 in
1300 1100 1336 1135 so·

787 1167 840 1216 ceri
857 1165 914 1216 fere
932 1166 992 1228 447,
1009 1166 1039 1231 2,
1062 1167 1124 1218 eius
1146 1167 1185 1218 de
1206 1169 1336 1222 Cicerone

756 1292 758 1297 .
786 1252 915 1302 iudicium
928 1252 988 1315 567,
1000 1254 1024 1302 3.
1038 1255 1063 1303 5.
1076 1254 1142 1316 570,
1155 1257 1190 1321 6,
1211 1259 1336 1323 quotiens

786 1340 878 1404 magni
886 1338 1002 1389 alicuius
1011 1340 1062 1389 viri
1070 1356 1145 1392 mors
1154 1342 1193 1393 ab
1202 1343 1337 1394 historicis

786 1431 894 1475 narrata
906 1431 954 1488 est,
973 1426 1074 1476 totiens
1086 1425 1148 1477 fere
1160 1444 1336 1480 consumma·

785 1513 823 1561 tio
848 1513 932 1562 totius
954 1513 1028 1562 vitae
1050 1518 1078 1563 et
1103 1516 1188 1579 quasi
1216 1516 1337 1567 funebris

784 1597 905 1648 laudatio
933 1598 1062 1650 redditur.
1091 1599 1148 1655 hoc
1177 1602 1213 1653 Τ.
1242 1604 1336 1654 Livius

785 1685 919 1752 benignus
928 1686 1054 1736 omuibus
1063 1688 1254 1754 magnisviris
1263 1705 1335 1757 prae

785 1773 854 1823 stitit
866 1774 925 1836 570,
936 1773 967 1837 4,
984 1777 1016 1823 111
1028 1778 1070 1824 est
1081 1779 1185 1826 natura
1200 1777 1335 1828 candidis·

785 1861 868 1909 simus
886 1861 1007 1910 omnium
1025 1874 1190 1927 magnorum
1211 1865 1335 1931 ingenio·

783 1962 842 1995 rum
861 1948 1016 1999 aestimator
1034 1947 1066 1998 T.
1080 1948 1189 2012 Livius,
1209 1951 1335 2016 plenissi-

785 2048 857 2082 mum
871 2032 994 2084 Ciceroni
1012 2035 1202 2086 testimonium
1218 2038 1336 2088 reddidit

784 2121 844 2181 570,
859 2120 899 2169 te.

838 2205 995 2257 Sententiae:
1013 2209 1074 2270 567,
1087 2210 1112 2257 5.
1132 2210 1196 2273 570,
1213 2212 1239 2260 7.

749 2290 896 2346 Lucretia
914 2296 956 2357 58,
970 2297 1011 2344 aa.
1031 2297 1090 2358 061,
1106 2297 1147 2346 16.

749 2377 871 2432 Luculli
890 2382 949 2443 558,
966 2382 1009 2445 16,
1027 2381 1061 2432 cf.
1081 2382 1218 2434 Licinius.

159 2296 286 2346 clamavit
296 2298 355 2355 329,
365 2297 411 2359 22,
425 2310 531 2345 sensum
543 2295 695 2361 elegantem

157 2390 184 2433 51
207 2384 240 2433 ab
265 2384 387 2432 omnibus
414 2384 544 2432 iactatum
568 2384 696 2447 surripuit

157 2472 216 2532 330,
236 2471 264 2532 2,
284 2476 435 2535 corruptam
454 2470 614 2519 sententiam
628 2469 695 2519 dixit
749 2464 835 2518 Luna
853 2470 912 2531 552,
926 2471 949 2517 6.

157 2558 273 2619 394,15,
293 2558 405 2606 insaniit
417 2559 480 2619 542,
492 2559 521 2621 2,
534 2556 603 2605 dixit
615 2571 694 2621 supra
749 2550 892 2605 Lutatius
912 2554 954 2619 (Q.
974 2556 1100 2605 Lutatius
1119 2554 1254 2624 Catulus)
1275 2562 1331 2623 576,

157 2643 229 2708 quod
247 2659 301 2692 non
319 2648 409 2708 posset
427 2643 571 2707 procedere
590 2644 696 2692 insania
786 2643 825 2689 16.

156 2732 216 2791 504,
230 2732 254 2778 6.
748 2724 906 2792 Lycurgus
925 2729 984 2789 533,
1000 2729 1038 2777 12.

212 2815 323 2866 Colores:
342 2817 401 2877 316,
421 2817 444 2865 8.
470 2817 528 2877 330,
550 2818 572 2864 1.
592 2817 615 2866 3.
635 2817 694 2877 394,

159 2905 197 2952 15.
222 2904 282 2964 401,
304 2903 342 2950 13.
368 2904 427 2964 504,
447 2903 469 2951 6.
493 2903 553 2969 542,
566 2904 589 2952 2.

121 2987 264 3053 Ligarius
292 2988 333 3053 (C.
357 2989 493 3053 Ligarius)
520 3004 536 3038 5
564 2989 694 3039 Cicerone

155 3077 227 3140 apud
246 3075 388 3125 Caesarem
402 3075 526 3124 defensus
544 3082 584 3124 est
596 3077 655 3135 475,
669 3076 693 3123 8.

156 3165 215 3226 sss,
235 3166 258 3211 1,

120 3247 224 3301 Liuius
244 3248 285 3312 (T.
298 3248 405 3313 Livius)
418 3248 560 3297 historicus
573 3250 632 3310 556,
646 3249 692 3310 20,

155 3344 210 3386 15111
229 3336 338 3399 iniquus
357 3334 486 3385 Sallustio
505 3334 565 3397 fuit,
584 3341 614 3383 ut
632 3350 693 3384 sen-

155 3425 268 3472 tentiam
280 3428 307 3471 51
317 3427 454 3486 tamquam
464 3426 613 3485 surreptam
621 3422 691 3470 Thu·

154 3510 243 3574 cydidi
263 3514 290 3558 51
302 3515 440 3573 tamquam
459 3514 610 3573 corruptam
628 3509 691 3558 duur

155 3595 314 3645 transfertur
336 3595 465 3646 Sallustio
489 3595 615 3647 obiceret.
641 3611 691 3646 nec

154 3683 205 3733 hoc
215 3697 305 3732 amore
316 3682 481 3746 Thucydidis
490 3682 563 3743 fecit,
573 3687 603 3731 ut
613 3681 690 3731 illum

154 3770 312 3833 praeferret,
332 3770 378 3820 sed
396 3768 518 3819 laudavit
537 3784 615 3833 quem
636 3784 689 3818 nou

748 2897 925 2952 Macedones
934 2902 1023 2962 494,5.
1034 2902 1071 2950 12.
1079 2901 1138 2964 529,
1146 2900 1176 2968 ’1,
1187 2900 1327 2964 Μακεδόνες

782 2988 841 3048 531,
856 2989 883 3049 6,
902 2987 1015 3036 Macedo
1029 2986 1195 3054 (Philippus)
1209 2993 1274 3055 496,
1288 2995 1326 3044 10.

748 3070 924 3125 Macedonia
942 3076 1056 3135 561110.

749 3159 880 3214 11555115
899 3178 923 3211 v.
943 3162 1057 3213 Atinius.

747 3246 884 3301 Maeriua
902 3249 934 3299 51.
955 3249 989 3298 ad
1009 3251 1121 3311 125,16.

747 3333 904 3387 Maecenas
922 3352 947 3386 v.
967 3335 1079 3385 Cilnius.

746 3418 864 3485 Magius
884 3424 925 3486 (L.
942 3423 1067 3488 Magius),
1085 3437 1169 3488 gener
1188 3424 1219 3474 T.
1239 3425 1324 3488 Livii,

780 3508 870 3573 aliquo
894 3515 1014 3575 tempore
1033 3525 1108 3559 suum
1127 3510 1262 3575 populum
1281 3513 1325 3562 ha·

780 3595 849 3657 buit,
877 3611 938 3645 cum
966 3612 1027 3646 eum
1055 3597 1177 3646 homines
1209 3613 1266 3648 non
1296 3600 1323 3647 in

779 3683 863 3747 ipsius
885 3683 1014 3733 honorem
1039 3683 1194 3746 laudarent,
1220 3685 1271 3734 sed
1295 3687 1323 3734 iu

780 3771 865 3818 soceri
883 3769 939 3841 fere
957 3771 1017 3832 447,
1031 3772 1054 3819 2.
