2760 4110
133 158 310 216 XXXVIII
622 170 835 221 PRAEFATIO.

133 324 305 388 editionem
316 324 560 409 Elsevirianam,
569 347 652 411 quae
660 324 894 390 Amstelodami
905 348 988 390 anno
1000 325 1083 390 1672
1094 327 1325 413 prodiit‚trans·

134 429 303 493 ferrentm.
334 429 416 493 haec
447 438 555 494 autem
577 428 684 513 editio,
714 452 798 515 quae
827 432 911 494 inter
932 432 1080 516 antiquas
1103 441 1137 496 et
1159 435 1283 519 optima
1302 442 1328 498 et

135 534 326 618 gravissima
353 542 411 616 est,
443 555 517 597 cum
536 555 604 597 non
627 534 728 598 solum
757 536 901 619 integras
923 534 1033 619 Fabri,
1065 534 1192 601 Schotti
1215 539 1329 604 Grono

134 639 242 723 viique
272 637 486 722 praefationes
517 648 549 703 et
579 637 800 703 adnotationes
830 638 889 703 sed
920 641 1016 704 etiam
1039 640 1177 705 selectas
1202 643 1331 707 aliorum

135 743 340 826 maximeque
363 743 384 805 J
387 741 521 806 ohannis
544 741 745 827 Schultingii‚
768 765 852 828 quae
875 743 919 808 ad
940 743 1020 808 illud
1041 729 1170 831 tempus
1194 747 1332 812 ineditae

137 846 275 928 fuerant,
300 845 411 911 doctas
435 849 717 911 commentationes
735 849 981 933 ingeniosasque
1005 847 1251 916 emendationes
1267 873 1333 915 con·

134 952 244 1032 tineam,
265 949 357 1033 haec,
373 952 514 1037 inquam,
531 951 627 1015 editio
642 961 767 1015 tantum
782 951 825 1015 ad
841 953 1002 1036 scriptoris
1017 952 1121 1016 verba
1136 953 1335 1019 restituenda

136 1053 276 1137 contulit,
300 1064 336 1118 ut
357 1064 429 1140 post
451 1078 524 1119 eam
540 1077 643 1139 paene
665 1054 790 1119 duobus
806 1056 942 1120 saeculis
957 1077 1164 1141 progressum
1188 1061 1334 1144 quamvis

136 1160 290 1243 exiguum
312 1159 434 1223 factum
457 1181 527 1222 esse
543 1169 631 1222 recte
646 1181 755 1244 neges.
779 1183 819 1224 ac
834 1171 944 1225 tamen
959 1184 980 1225 a
995 1161 1158 1227 Gronovio
1175 1172 1210 1228 et
1226 1162 1333 1229 Schul-

133 1265 232 1348 tingio
255 1285 334 1348 opus
363 1263 549 1327 incohatum
579 1265 682 1347 potius
713 1286 810 1349 quam
833 1264 1011 1349 perfectum
1037 1265 1185 1330 relictum
1209 1289 1282 1332 esse
1304 1277 1334 1331 et

133 1367 177 1430 illi
200 1369 259 1451 ipsi
282 1388 347 1429 non
373 1365 562 1431 nesciebant
588 1376 621 1430 et
648 1367 827 1432 luculenter
854 1370 1010 1453 apparuit,
1039 1391 1113 1433 cum
1139 1368 1206 1434 hae
1230 1380 1333 1435 aetate

133 1493 238 1535 novae
269 1470 424 1534 editiones
454 1470 641 1555 prodierunt
676 1472 841 1536 Conradi
875 1473 1040 1537 Bursian
1072 1471 1221 1559 (Lipsiae
1252 1496 1332 1539 anno

136 1573 234 1660 1857)
259 1584 291 1639 et
305 1573 440 1638 Adolfi
461 1575 661 1659 Kiessling
685 1574 829 1661 (Lipsiae
851 1598 936 1640 anno
961 1575 1070 1663 1872),
1094 1579 1149 1662 qui
1170 1578 1235 1642 viri
1256 1599 1332 1642 vcro

133 1677 235 1743 verbo
251 1681 453 1763 sospitatores
466 1679 610 1744 Senecae
625 1679 764 1743 vocandi
777 1690 858 1744 sunt.
882 1680 935 1744 ille
948 1682 1033 1744 enim
1044 1682 1165 1766 primus
1177 1681 1333 1747 bonorum

135 1783 283 1848 codicum
312 1785 423 1847 notitia
449 1793 628 1868 propagata
655 1786 730 1848 artis
758 1786 887 1848 criticae
909 1787 943 1848 in
966 1784 1112 1849 Senecae
1132 1784 1226 1850 libris
1248 1787 1332 1852 facti·

133 1887 253 1952 tandae
268 1887 514 1951 fundamentum
528 1889 603 1952 iecit
618 1891 694 1952 satis
709 1887 858 1970 solidum3
878 1888 931 1952 hic
947 1891 1049 1953 auctis
1065 1888 1214 1954 codicum
1229 1890 1331 1955 lectio

133 1992 228 2056 nibus
251 2001 284 2055 et
307 1991 475 2076 diligenter
496 1992 658 2076 perpolitis
681 1991 761 2055 illud
780 1993 901 2056 firmius
924 1992 1086 2077 aliquanto
1109 1996 1275 2059 constitnit
1296 2016 1330 2058 ac

134 2097 301 2178 stabilivit3
323 2105 457 2180 uterque
480 2105 604 2160 tantum
625 2118 795 2159 numerum
818 2106 873 2160 aut
888 2096 1148 2162 emendationum
1172 2107 1331 2164 certamin

135 2210 191 2265 aut
207 2203 461 2264 comecturarum
484 2202 691 2284 sagacissime
715 2202 970 2285 excogitatarum
992 2203 1164 2286 proposuit,
1187 2201 1331 2268 ut'nulla

134 2305 227 2369 huius
252 2303 397 2368 editionis
425 2307 544 2389 pagina
566 2306 680 2368 iterata
702 2326 812 2368 eorum
836 2306 1136 2370 commemoratione
1160 2318 1275 2372 careat
1295 2328 1330 2371 ac

136 2412 191 2472 vix
216 2409 279 2473 dici
302 2411 409 2494 possit,
442 2407 598 2494 quantum
620 2408 664 2471 illi
691 2409 948 2473 emendationem
970 2410 1144 2494 promoturi
1166 2410 1269 2476 fuisse
1290 2413 1330 2475 vi-

136 2513 280 2597 deantur,
305 2516 331 2577 si
353 2515 495 2577 omnium
511 2512 659 2577 codicum
674 2514 833 2577 accuratis
849 2511 1069 2578 collationibus
1084 2515 1129 2577 uti
1144 2517 1329 2599 potuissent

136 2620 243 2703 itaque
267 2626 435 2702 postquam
457 2616 534 2681 mihi
558 2619 697 2701 contigit,
720 2627 756 2681 ut
778 2619 968 2701 optimorum
996 2617 1151 2682 librorum
1181 2621 1331 2684 certiores

134 2722 286 2785 lectiones
299 2743 477 2806 proponere
490 2743 617 2806 possem
629 2744 725 2806 quam
738 2724 835 2786 ceteri
848 2744 968 2806 omnm,
981 2724 1174 2808 quicumque
1187 2723 1330 2789 Senecae

135 2824 233 2888 libros
256 2824 461 2889 adnotatione
485 2827 595 2890 critica
618 2828 847 2909 instruxerunt,
873 2826 986 2891 Carolo
1010 2826 1155 2891 Schenkl
1182 2826 1329 2894 hortante

136 2928 240 2993 denuo
264 2929 321 2993 hos
336 2929 434 2993 libros
451 2929 548 2994 cdere
565 2931 730 2995 consilium
745 2933 810 3014 inii,
834 2941 869 2995 ut
884 2931 1016 2996 tandem
1032 2929 1205 3017 aliquando
1222 2954 1329 2998 omnes

135 3043 339 3117 perspectum
362 3045 394 3097 et
417 3036 579 3118 cognitum
600 3034 767 3119 haberent,
792 3058 875 3120 quae
890 3058 970 3100 vera
993 3045 1025 3099 et
1040 3037 1166 3099 sincera
1183 3036 1329 3101 codicum

135 3139 292 3223 scriptura
316 3148 408 3202 esset.
433 3140 569 3202 accessit
592 3138 678 3223 quod
701 3149 773 3225 post
795 3139 978 3224 evolgatam
1001 3162 1075 3205 cum
1088 3141 1242 3204 Bursiani
1265 3151 1329 3206 tum

134 3244 275 3306 maxime
287 3243 473 3326 Kicsslingii
483 3244 705 3307 recensionem
715 3266 835 3327 magna
846 3243 1063 3329 perbonarum
1075 3245 1329 3309 coniecturarum

135 3348 227 3430 copia
257 3344 377 3431 publici
407 3348 482 3410 iuris
512 3346 599 3411 facta
622 3357 679 3430 est,
711 3370 847 3434 quarum
875 3350 998 3412 ratione
1026 3347 1139 3412 habita
1168 3349 1328 3434 scriptoris

134 3449 243 3513 verbis
273 3472 504 3535 saepenumero
541 3460 596 3514 aut
630 3451 727 3516 aliam
756 3451 892 3516 formam
921 3450 1120 3516 induendam
1150 3461 1205 3516 aut
1235 3451 1329 3517 alium

134 3551 279 3617 ordinem
301 3553 504 3619 reddendum
527 3577 597 3619 esse
629 3565 660 3620 ct
690 3557 758 3641 ipse
781 3578 972 3641 persuasum
993 3556 1093 3621 habui
1117 3566 1149 3621 et
1171 3555 1241 3621 aliis
1263 3579 1329 3643 per-

134 3680 265 3722 suasum
295 3680 365 3722 esse
395 3658 530 3723 confido.
564 3682 663 3744 quare
691 3683 739 3743 ea,
771 3683 853 3746 quae
883 3662 944 3724 viri
975 3659 1060 3726 docti
1082 3660 1135 3724 vel
1166 3670 1256 3726 recte
1278 3659 1328 3726 vel

134 3760 342 3845 probabiliter
363 3772 577 3846 mutaverunt,
602 3786 644 3827 ex
667 3762 809 3848 latebris,
832 3766 865 3828 in
889 3765 1003 3851 quibus
1028 3764 1230 3849 delituerant,
1262 3787 1328 3851 pro
