<?xml version="1.0" encoding="UTF-8"?>
<!DOCTYPE html PUBLIC "-//W3C//DTD XHTML 1.0 Transitional//EN"
    "http://www.w3.org/TR/xhtml1/DTD/xhtml1-transitional.dtd">
<html xmlns="http://www.w3.org/1999/xhtml" xml:lang="en" lang="en">
 <head>
  <title>
</title>
<meta http-equiv="Content-Type" content="text/html;charset=utf-8" />
  <meta name='ocr-system' content='tesseract 3.04.00' />
  <meta name='ocr-capabilities' content='ocr_page ocr_carea ocr_par ocr_line ocrx_word'/>
</head>
<body>
  <div class='ocr_page' id='page_1' title='image "./lannaeisenecaeo00mullgoog_0677.png"; bbox 0 0 2760 4110; ppageno 0'>
   <div class='ocr_carea' id='block_1_1' title="bbox 95 157 159 221">
    <p class='ocr_par' dir='ltr' id='par_1_1' title="bbox 95 157 159 221">
     <span class='ocr_line' id='line_1_1' title="bbox 95 157 159 221; baseline 0.016 -1"><span class='ocrx_word' id='word_1_1' title='bbox 95 157 159 221; x_wconf 88' lang='grc'><strong>696</strong></span> 
     </span>
    </p>
   </div>
   <div class='ocr_carea' id='block_1_2' title="bbox 37 334 666 3787">
    <p class='ocr_par' dir='ltr' id='par_1_2' title="bbox 121 334 666 1272">
     <span class='ocr_line' id='line_1_2' title="bbox 127 334 666 402; baseline 0.011 -19"><span class='ocrx_word' id='word_1_2' title='bbox 127 334 216 384; x_wconf 84' lang='lat' dir='ltr'><strong>Tanta</strong></span> <span class='ocrx_word' id='word_1_3' title='bbox 228 335 277 384; x_wconf 91' lang='lat' dir='ltr'><strong>snb</strong></span> <span class='ocrx_word' id='word_1_4' title='bbox 290 334 412 402; x_wconf 77' lang='lat' dir='ltr'><strong>Angusto</strong></span> <span class='ocrx_word' id='word_1_5' title='bbox 431 337 543 387; x_wconf 86' lang='lat' dir='ltr'><strong>libertas</strong></span> <span class='ocrx_word' id='word_1_6' title='bbox 555 337 615 399; x_wconf 80' lang='lat' dir='ltr'><strong>fnit,</strong></span> <span class='ocrx_word' id='word_1_7' title='bbox 634 344 666 389; x_wconf 92' lang='lat' dir='ltr'><strong>ut</strong></span> 
     </span>
     <span class='ocr_line' id='line_1_3' title="bbox 127 424 665 490; baseline 0.007 -20"><span class='ocrx_word' id='word_1_8' title='bbox 127 424 296 486; x_wconf 88' lang='lat' dir='ltr'><strong>praepotenti</strong></span> <span class='ocrx_word' id='word_1_9' title='bbox 315 430 381 472; x_wconf 86' lang='lat' dir='ltr'><strong>tuno</strong></span> <span class='ocrx_word' id='word_1_10' title='bbox 404 424 440 473; x_wconf 95' lang='lat' dir='ltr'><strong>M.</strong></span> <span class='ocrx_word' id='word_1_11' title='bbox 457 425 593 490; x_wconf 81' lang='lat' dir='ltr'><strong>Agrippae</strong></span> <span class='ocrx_word' id='word_1_12' title='bbox 610 441 665 474; x_wconf 92' lang='lat' dir='ltr'><strong>non</strong></span> 
     </span>
     <span class='ocr_line' id='line_1_4' title="bbox 125 509 665 578; baseline 0.011 -21"><span class='ocrx_word' id='word_1_13' title='bbox 125 509 261 558; x_wconf 80' lang='lat' dir='ltr'><strong>defuerint</strong></span> <span class='ocrx_word' id='word_1_14' title='bbox 284 512 331 574; x_wconf 92' lang='lat' dir='ltr'><strong>qui</strong></span> <span class='ocrx_word' id='word_1_15' title='bbox 354 511 552 576; x_wconf 74' lang='lat' dir='ltr'><strong>ignobilitatem</strong></span> <span class='ocrx_word' id='word_1_16' title='bbox 571 528 665 578; x_wconf 88' lang='lat' dir='ltr'><strong>expro-</strong></span> 
     </span>
     <span class='ocr_line' id='line_1_5' title="bbox 125 596 664 664; baseline 0.009 -19"><span class='ocrx_word' id='word_1_17' title='bbox 125 596 241 646; x_wconf 88' lang='lat' dir='ltr'><strong>brarent.</strong></span> <span class='ocrx_word' id='word_1_18' title='bbox 264 597 411 662; x_wconf 74' lang='lat' dir='ltr'><strong>Vipsanius</strong></span> <span class='ocrx_word' id='word_1_19' title='bbox 429 599 549 664; x_wconf 81' lang='lat' dir='ltr'><strong>Agrippa</strong></span> <span class='ocrx_word' id='word_1_20' title='bbox 567 600 664 662; x_wconf 83' lang='lat' dir='ltr'><strong>fuerat,</strong></span> 
     </span>
     <span class='ocr_line' id='line_1_6' title="bbox 123 673 664 751; baseline 0.007 -19"><span class='ocrx_word' id='word_1_21' title='bbox 123 688 152 732; x_wconf 90' lang='lat' dir='ltr'><strong>at</strong></span> <span class='ocrx_word' id='word_1_22' title='bbox 168 684 291 749; x_wconf 89' lang='lat' dir='ltr'><strong>Vipsanii</strong></span> <span class='ocrx_word' id='word_1_23' title='bbox 310 700 408 735; x_wconf 91' lang='lat' dir='ltr'><strong>nomen</strong></span> <span class='ocrx_word' id='word_1_24' title='bbox 427 687 503 750; x_wconf 87' lang='lat' dir='ltr'><strong>quasi</strong></span> <span class='ocrx_word' id='word_1_25' title='bbox 522 673 664 751; x_wconf 85' lang='lat' dir='ltr'><strong>argumen-</strong></span> 
     </span>
     <span class='ocr_line' id='line_1_7' title="bbox 123 772 664 835; baseline 0.011 -17"><span class='ocrx_word' id='word_1_26' title='bbox 123 776 181 820; x_wconf 89' lang='lat' dir='ltr'><strong>tum</strong></span> <span class='ocrx_word' id='word_1_27' title='bbox 198 777 327 835; x_wconf 79' lang='lat' dir='ltr'><strong>paternae</strong></span> <span class='ocrx_word' id='word_1_28' title='bbox 339 772 500 822; x_wconf 86' lang='lat' dir='ltr'><strong>humilitatis</strong></span> <span class='ocrx_word' id='word_1_29' title='bbox 517 774 664 824; x_wconf 74' lang='lat' dir='ltr'><strong>sustulerat</strong></span> 
     </span>
     <span class='ocr_line' id='line_1_8' title="bbox 123 857 662 923; baseline 0.007 -17"><span class='ocrx_word' id='word_1_30' title='bbox 123 863 152 906; x_wconf 92' lang='lat' dir='ltr'><strong>et</strong></span> <span class='ocrx_word' id='word_1_31' title='bbox 162 857 199 906; x_wconf 95' lang='lat' dir='ltr'><strong>M.</strong></span> <span class='ocrx_word' id='word_1_32' title='bbox 209 857 328 923; x_wconf 73' lang='lat' dir='ltr'><strong>Agrippa</strong></span> <span class='ocrx_word' id='word_1_33' title='bbox 340 859 480 909; x_wconf 80' lang='lat' dir='ltr'><strong>dicebatur</strong></span> <span class='ocrx_word' id='word_1_34' title='bbox 494 862 552 921; x_wconf 86' lang='lat'>160,</span> <span class='ocrx_word' id='word_1_35' title='bbox 563 862 591 920; x_wconf 90' lang='grc'><strong>1,</strong></span> <span class='ocrx_word' id='word_1_36' title='bbox 604 863 662 910; x_wconf 91' lang='lat' dir='ltr'><strong>eins</strong></span> 
     </span>
     <span class='ocr_line' id='line_1_9' title="bbox 123 943 662 1009; baseline 0.009 -16"><span class='ocrx_word' id='word_1_37' title='bbox 123 943 173 993; x_wconf 84' lang='lat' dir='ltr'><strong>filii</strong></span> <span class='ocrx_word' id='word_1_38' title='bbox 186 947 279 1009; x_wconf 82' lang='grc'>169,6,</span> <span class='ocrx_word' id='word_1_39' title='bbox 289 960 365 995; x_wconf 91' lang='lat' dir='ltr'><strong>reum</strong></span> <span class='ocrx_word' id='word_1_40' title='bbox 375 946 494 996; x_wconf 84' lang='lat' dir='ltr'><strong>defendit</strong></span> <span class='ocrx_word' id='word_1_41' title='bbox 506 949 597 1009; x_wconf 79' lang='lat'>160,5;</span> <span class='ocrx_word' id='word_1_42' title='bbox 608 949 662 998; x_wconf 83' lang='lat' dir='ltr'><strong>La·</strong></span> 
     </span>
     <span class='ocr_line' id='line_1_10' title="bbox 123 1033 661 1085; baseline 0.009 -5"><span class='ocrx_word' id='word_1_43' title='bbox 123 1037 164 1081; x_wconf 90' lang='lat' dir='ltr'><strong>tro</strong></span> <span class='ocrx_word' id='word_1_44' title='bbox 185 1035 394 1082; x_wconf 84' lang='lat' dir='ltr'><strong>controversiam</strong></span> <span class='ocrx_word' id='word_1_45' title='bbox 418 1033 581 1083; x_wconf 84' lang='lat' dir='ltr'><strong>declamavit</strong></span> <span class='ocrx_word' id='word_1_46' title='bbox 595 1034 661 1085; x_wconf 84' lang='lat' dir='ltr'><strong>Cae-</strong></span> 
     </span>
     <span class='ocr_line' id='line_1_11' title="bbox 124 1119 660 1188; baseline 0.006 -19"><span class='ocrx_word' id='word_1_47' title='bbox 124 1135 184 1170; x_wconf 83' lang='lat' dir='ltr'><strong>sare</strong></span> <span class='ocrx_word' id='word_1_48' title='bbox 199 1119 323 1185; x_wconf 77' lang='lat' dir='ltr'><strong>dugusto</strong></span> <span class='ocrx_word' id='word_1_49' title='bbox 336 1121 463 1170; x_wconf 84' lang='lat' dir='ltr'><strong>audiente</strong></span> <span class='ocrx_word' id='word_1_50' title='bbox 476 1128 504 1170; x_wconf 90' lang='lat' dir='ltr'><strong>et</strong></span> <span class='ocrx_word' id='word_1_51' title='bbox 516 1123 553 1171; x_wconf 94' lang='lat' dir='ltr'><strong>M.</strong></span> <span class='ocrx_word' id='word_1_52' title='bbox 566 1122 660 1188; x_wconf 82' lang='lat' dir='ltr'><strong>Agrip</strong></span> 
     </span>
     <span class='ocr_line' id='line_1_12' title="bbox 121 1209 271 1272; baseline 0 -16"><span class='ocrx_word' id='word_1_53' title='bbox 121 1222 156 1272; x_wconf 86' lang='lat' dir='ltr'><strong>pa</strong></span> <span class='ocrx_word' id='word_1_54' title='bbox 178 1209 233 1269; x_wconf 84' lang='grc'>159,</span> <span class='ocrx_word' id='word_1_55' title='bbox 247 1209 271 1256; x_wconf 84' lang='lat'><strong>5.</strong></span> 
     </span>
    </p>

    <p class='ocr_par' dir='ltr' id='par_1_3' title="bbox 86 1291 659 1361">
     <span class='ocr_line' id='line_1_13' title="bbox 86 1291 659 1361; baseline 0 -15"><span class='ocrx_word' id='word_1_56' title='bbox 86 1291 248 1359; x_wconf 81' lang='lat' dir='ltr'><strong>Vipsanius</strong></span> <span class='ocrx_word' id='word_1_57' title='bbox 261 1295 417 1360; x_wconf 85' lang='lat' dir='ltr'><strong>(Vipsanius</strong></span> <span class='ocrx_word' id='word_1_58' title='bbox 429 1294 560 1361; x_wconf 76' lang='lat' dir='ltr'><strong>Atticus);</strong></span> <span class='ocrx_word' id='word_1_59' title='bbox 578 1297 612 1346; x_wconf 83' lang='lat' dir='ltr'><strong>cf.</strong></span> <span class='ocrx_word' id='word_1_60' title='bbox 625 1297 659 1346; x_wconf 89' lang='lat' dir='ltr'><strong>ad</strong></span> 
     </span>
    </p>

    <p class='ocr_par' dir='ltr' id='par_1_4' title="bbox 37 1383 224 1442">
     <span class='ocr_line' id='line_1_14' title="bbox 37 1383 224 1442; baseline 0 -12"><span class='ocrx_word' id='word_1_61' title='bbox 37 1411 41 1417; x_wconf 89' lang='lat'><em>-</em></span> <span class='ocrx_word' id='word_1_62' title='bbox 123 1383 181 1442; x_wconf 87' lang='lat'><strong>168,</strong></span> <span class='ocrx_word' id='word_1_63' title='bbox 200 1384 224 1430; x_wconf 88' lang='lat'><strong>4.</strong></span> 
     </span>
    </p>

    <p class='ocr_par' dir='ltr' id='par_1_5' title="bbox 86 1466 356 1531">
     <span class='ocr_line' id='line_1_15' title="bbox 86 1466 356 1531; baseline -0.011 -10"><span class='ocrx_word' id='word_1_64' title='bbox 86 1466 296 1531; x_wconf 69' lang='lat' dir='ltr'><strong>virginitate,</strong></span> <span class='ocrx_word' id='word_1_65' title='bbox 316 1469 356 1518; x_wconf 88' lang='lat'><strong>10.</strong></span> 
     </span>
    </p>

    <p class='ocr_par' dir='ltr' id='par_1_6' title="bbox 87 1553 409 1608">
     <span class='ocr_line' id='line_1_16' title="bbox 87 1553 409 1608; baseline -0.012 0"><span class='ocrx_word' id='word_1_66' title='bbox 87 1553 214 1608; x_wconf 81' lang='lat' dir='ltr'><strong>Volesus</strong></span> <span class='ocrx_word' id='word_1_67' title='bbox 233 1572 258 1605; x_wconf 92' lang='lat' dir='ltr'><strong>v.</strong></span> <span class='ocrx_word' id='word_1_68' title='bbox 278 1555 409 1605; x_wconf 89' lang='lat' dir='ltr'><strong>Valerius.</strong></span> 
     </span>
    </p>

    <p class='ocr_par' dir='ltr' id='par_1_7' title="bbox 84 1639 657 3787">
     <span class='ocr_line' id='line_1_17' title="bbox 84 1639 657 1706; baseline -0.003 -12"><span class='ocrx_word' id='word_1_69' title='bbox 84 1639 229 1694; x_wconf 76' lang='lat' dir='ltr'><strong>Votienus</strong></span> <span class='ocrx_word' id='word_1_70' title='bbox 239 1643 384 1706; x_wconf 90' lang='lat' dir='ltr'><strong>(Votienus</strong></span> <span class='ocrx_word' id='word_1_71' title='bbox 398 1640 562 1705; x_wconf 83' lang='lat' dir='ltr'><strong>Montanus).</strong></span> <span class='ocrx_word' id='word_1_72' title='bbox 582 1643 657 1692; x_wconf 90' lang='lat' dir='ltr'><strong>Tiro·</strong></span> 
     </span>
     <span class='ocr_line' id='line_1_18' title="bbox 120 1729 657 1795; baseline 0.002 -18"><span class='ocrx_word' id='word_1_73' title='bbox 120 1730 220 1778; x_wconf 85' lang='lat' dir='ltr'><strong>oinium</strong></span> <span class='ocrx_word' id='word_1_74' title='bbox 234 1731 379 1779; x_wconf 87' lang='lat' dir='ltr'><strong>oratorium</strong></span> <span class='ocrx_word' id='word_1_75' title='bbox 392 1729 464 1795; x_wconf 90' lang='lat' dir='ltr'><strong>apud</strong></span> <span class='ocrx_word' id='word_1_76' title='bbox 476 1731 657 1779; x_wconf 82' lang='lat' dir='ltr'><strong>centumviros</strong></span> 
     </span>
     <span class='ocr_line' id='line_1_19' title="bbox 118 1815 657 1880; baseline 0.006 -17"><span class='ocrx_word' id='word_1_77' title='bbox 118 1816 209 1880; x_wconf 81' lang='lat' dir='ltr'><strong>posuit</strong></span> <span class='ocrx_word' id='word_1_78' title='bbox 226 1817 347 1876; x_wconf 90' lang='grc'>490,13;</span> <span class='ocrx_word' id='word_1_79' title='bbox 369 1831 418 1880; x_wconf 93' lang='lat' dir='ltr'><strong>pro</strong></span> <span class='ocrx_word' id='word_1_80' title='bbox 436 1815 516 1866; x_wconf 82' lang='lat' dir='ltr'><strong>Galla</strong></span> <span class='ocrx_word' id='word_1_81' title='bbox 534 1816 657 1866; x_wconf 86' lang='lat' dir='ltr'><strong>Numisia</strong></span> 
     </span>
     <span class='ocr_line' id='line_1_20' title="bbox 120 1902 656 1964; baseline 0.004 -15"><span class='ocrx_word' id='word_1_82' title='bbox 120 1902 268 1951; x_wconf 91' lang='lat' dir='ltr'><strong>orationem</strong></span> <span class='ocrx_word' id='word_1_83' title='bbox 286 1902 381 1952; x_wconf 88' lang='lat' dir='ltr'><strong>habuit</strong></span> <span class='ocrx_word' id='word_1_84' title='bbox 397 1905 458 1964; x_wconf 92' lang='grc'>490,</span> <span class='ocrx_word' id='word_1_85' title='bbox 474 1905 519 1963; x_wconf 87' lang='grc'><strong>19,</strong></span> <span class='ocrx_word' id='word_1_86' title='bbox 536 1903 567 1953; x_wconf 89' lang='lat' dir='ltr'><strong>P.</strong></span> <span class='ocrx_word' id='word_1_87' title='bbox 580 1903 656 1952; x_wconf 87' lang='lat' dir='ltr'><strong>Vini-</strong></span> 
     </span>
     <span class='ocr_line' id='line_1_21' title="bbox 119 1989 655 2054; baseline 0.004 -17"><span class='ocrx_word' id='word_1_88' title='bbox 119 1989 176 2037; x_wconf 90' lang='lat' dir='ltr'><strong>cius</strong></span> <span class='ocrx_word' id='word_1_89' title='bbox 194 2003 256 2037; x_wconf 92' lang='lat' dir='ltr'><strong>eum</strong></span> <span class='ocrx_word' id='word_1_90' title='bbox 275 1990 413 2038; x_wconf 86' lang='lat' dir='ltr'><strong>accusavit</strong></span> <span class='ocrx_word' id='word_1_91' title='bbox 428 1989 501 2054; x_wconf 90' lang='lat' dir='ltr'><strong>apud</strong></span> <span class='ocrx_word' id='word_1_92' title='bbox 513 1989 655 2039; x_wconf 87' lang='lat' dir='ltr'><strong>Caesarem</strong></span> 
     </span>
     <span class='ocr_line' id='line_1_22' title="bbox 118 2073 654 2142; baseline 0 -17"><span class='ocrx_word' id='word_1_93' title='bbox 118 2090 135 2125; x_wconf 90' lang='lat' dir='ltr'><strong>a</strong></span> <span class='ocrx_word' id='word_1_94' title='bbox 147 2074 253 2125; x_wconf 90' lang='lat' dir='ltr'><strong>colonia</strong></span> <span class='ocrx_word' id='word_1_95' title='bbox 262 2073 431 2124; x_wconf 84' lang='lat' dir='ltr'><strong>Narbonensi</strong></span> <span class='ocrx_word' id='word_1_96' title='bbox 440 2081 550 2142; x_wconf 82' lang='lat' dir='ltr'><strong>rogatus</strong></span> <span class='ocrx_word' id='word_1_97' title='bbox 559 2077 654 2137; x_wconf 89' lang='grc'>317,3,</span> 
     </span>
     <span class='ocr_line' id='line_1_23' title="bbox 118 2159 654 2225; baseline 0 -14"><span class='ocrx_word' id='word_1_98' title='bbox 118 2169 175 2211; x_wconf 90' lang='lat' dir='ltr'><strong>toto</strong></span> <span class='ocrx_word' id='word_1_99' title='bbox 194 2162 284 2211; x_wconf 91' lang='lat' dir='ltr'><strong>animo</strong></span> <span class='ocrx_word' id='word_1_100' title='bbox 297 2159 473 2211; x_wconf 86' lang='lat' dir='ltr'><strong>scholasticus</strong></span> <span class='ocrx_word' id='word_1_101' title='bbox 487 2169 544 2211; x_wconf 86' lang='lat' dir='ltr'><strong>erat</strong></span> <span class='ocrx_word' id='word_1_102' title='bbox 556 2165 616 2223; x_wconf 95' lang='grc'>317,</span> <span class='ocrx_word' id='word_1_103' title='bbox 625 2165 654 2225; x_wconf 83' lang='grc'><strong>4,</strong></span> 
     </span>
     <span class='ocr_line' id='line_1_24' title="bbox 117 2248 654 2313; baseline 0 -15"><span class='ocrx_word' id='word_1_104' title='bbox 117 2248 185 2298; x_wconf 87' lang='lat' dir='ltr'><strong>adeo</strong></span> <span class='ocrx_word' id='word_1_105' title='bbox 202 2263 348 2313; x_wconf 88' lang='lat' dir='ltr'><strong>numquam</strong></span> <span class='ocrx_word' id='word_1_106' title='bbox 367 2250 554 2297; x_wconf 85' lang='lat' dir='ltr'><strong>ostentationis</strong></span> <span class='ocrx_word' id='word_1_107' title='bbox 567 2249 654 2298; x_wconf 90' lang='lat' dir='ltr'><strong>decla·</strong></span> 
     </span>
     <span class='ocr_line' id='line_1_25' title="bbox 118 2336 654 2396; baseline 0 -12"><span class='ocrx_word' id='word_1_108' title='bbox 118 2337 201 2385; x_wconf 90' lang='lat' dir='ltr'><strong>mavit</strong></span> <span class='ocrx_word' id='word_1_109' title='bbox 224 2350 318 2396; x_wconf 81' lang='lat' dir='ltr'><strong>causa,</strong></span> <span class='ocrx_word' id='word_1_110' title='bbox 341 2340 372 2384; x_wconf 92' lang='lat' dir='ltr'><strong>ut</strong></span> <span class='ocrx_word' id='word_1_111' title='bbox 394 2349 429 2383; x_wconf 89' lang='lat' dir='ltr'><strong>ne</strong></span> <span class='ocrx_word' id='word_1_112' title='bbox 454 2336 654 2384; x_wconf 85' lang='lat' dir='ltr'><strong>exercitationis</strong></span> 
     </span>
     <span class='ocr_line' id='line_1_26' title="bbox 117 2422 654 2487; baseline -0.004 -15"><span class='ocrx_word' id='word_1_113' title='bbox 117 2423 225 2487; x_wconf 86' lang='lat' dir='ltr'><strong>quidem</strong></span> <span class='ocrx_word' id='word_1_114' title='bbox 245 2424 436 2472; x_wconf 84' lang='lat' dir='ltr'><strong>declamaverit</strong></span> <span class='ocrx_word' id='word_1_115' title='bbox 452 2424 511 2482; x_wconf 89' lang='grc'>370,</span> <span class='ocrx_word' id='word_1_116' title='bbox 524 2425 553 2485; x_wconf 85' lang='grc'><strong>9,</strong></span> <span class='ocrx_word' id='word_1_117' title='bbox 572 2422 654 2470; x_wconf 87' lang='lat' dir='ltr'><strong>huius</strong></span> 
     </span>
     <span class='ocr_line' id='line_1_27' title="bbox 116 2510 651 2575; baseline 0.002 -17"><span class='ocrx_word' id='word_1_118' title='bbox 116 2511 155 2559; x_wconf 90' lang='lat' dir='ltr'><strong>rei</strong></span> <span class='ocrx_word' id='word_1_119' title='bbox 165 2525 273 2559; x_wconf 88' lang='lat' dir='ltr'><strong>causam</strong></span> <span class='ocrx_word' id='word_1_120' title='bbox 283 2512 340 2575; x_wconf 87' lang='lat' dir='ltr'><strong>ipse</strong></span> <span class='ocrx_word' id='word_1_121' title='bbox 346 2510 469 2574; x_wconf 87' lang='lat' dir='ltr'><strong>exposuit</strong></span> <span class='ocrx_word' id='word_1_122' title='bbox 479 2511 651 2574; x_wconf 82' lang='lat' dir='ltr'><strong>370,10seq.;</strong></span> 
     </span>
     <span class='ocr_line' id='line_1_28' title="bbox 118 2597 653 2646; baseline 0 -1"><span class='ocrx_word' id='word_1_123' title='bbox 118 2597 197 2646; x_wconf 91' lang='lat' dir='ltr'><strong>homo</strong></span> <span class='ocrx_word' id='word_1_124' title='bbox 216 2598 344 2646; x_wconf 84' lang='lat' dir='ltr'><strong>rarissimi</strong></span> <span class='ocrx_word' id='word_1_125' title='bbox 367 2598 544 2645; x_wconf 87' lang='lat' dir='ltr'><strong>etiamsinon</strong></span> <span class='ocrx_word' id='word_1_126' title='bbox 564 2611 653 2645; x_wconf 89' lang='lat' dir='ltr'><strong>emen·</strong></span> 
     </span>
     <span class='ocr_line' id='line_1_29' title="bbox 117 2684 653 2749; baseline -0.002 -16"><span class='ocrx_word' id='word_1_127' title='bbox 117 2684 246 2733; x_wconf 72' lang='lat' dir='ltr'><strong>(latissimi</strong></span> <span class='ocrx_word' id='word_1_128' title='bbox 256 2684 369 2749; x_wconf 81' lang='lat' dir='ltr'><strong>ingenii,</strong></span> <span class='ocrx_word' id='word_1_129' title='bbox 377 2684 474 2732; x_wconf 84' lang='lat' dir='ltr'><strong>vitium</strong></span> <span class='ocrx_word' id='word_1_130' title='bbox 484 2698 571 2744; x_wconf 91' lang='lat' dir='ltr'><strong>snum,</strong></span> <span class='ocrx_word' id='word_1_131' title='bbox 581 2684 653 2748; x_wconf 92' lang='lat' dir='ltr'><strong>quod</strong></span> 
     </span>
     <span class='ocr_line' id='line_1_30' title="bbox 116 2770 652 2830; baseline -0.002 -11"><span class='ocrx_word' id='word_1_132' title='bbox 116 2773 144 2819; x_wconf 90' lang='lat' dir='ltr'><strong>in</strong></span> <span class='ocrx_word' id='word_1_133' title='bbox 157 2771 323 2819; x_wconf 89' lang='lat' dir='ltr'><strong>orationibus</strong></span> <span class='ocrx_word' id='word_1_134' title='bbox 335 2785 389 2818; x_wconf 93' lang='lat' dir='ltr'><strong>non</strong></span> <span class='ocrx_word' id='word_1_135' title='bbox 403 2770 524 2830; x_wconf 85' lang='lat' dir='ltr'><strong>evitavit,</strong></span> <span class='ocrx_word' id='word_1_136' title='bbox 537 2771 565 2818; x_wconf 92' lang='lat' dir='ltr'><strong>in</strong></span> <span class='ocrx_word' id='word_1_137' title='bbox 577 2770 652 2818; x_wconf 89' lang='lat' dir='ltr'><strong>scho-</strong></span> 
     </span>
     <span class='ocr_line' id='line_1_31' title="bbox 115 2856 652 2921; baseline 0 -16"><span class='ocrx_word' id='word_1_138' title='bbox 115 2856 216 2906; x_wconf 90' lang='lat' dir='ltr'><strong>lasticis</strong></span> <span class='ocrx_word' id='word_1_139' title='bbox 235 2871 343 2921; x_wconf 87' lang='lat' dir='ltr'><strong>quoqne</strong></span> <span class='ocrx_word' id='word_1_140' title='bbox 361 2857 464 2906; x_wconf 83' lang='lat' dir='ltr'><strong>evitare</strong></span> <span class='ocrx_word' id='word_1_141' title='bbox 482 2873 536 2906; x_wconf 90' lang='lat' dir='ltr'><strong>nou</strong></span> <span class='ocrx_word' id='word_1_142' title='bbox 552 2859 652 2921; x_wconf 78' lang='lat' dir='ltr'><strong>potuit3</strong></span> 
     </span>
     <span class='ocr_line' id='line_1_32' title="bbox 115 2944 653 3007; baseline 0 -15"><span class='ocrx_word' id='word_1_143' title='bbox 115 2944 162 2992; x_wconf 89' lang='lat' dir='ltr'><strong>sed</strong></span> <span class='ocrx_word' id='word_1_144' title='bbox 175 2946 203 2992; x_wconf 90' lang='lat' dir='ltr'><strong>in</strong></span> <span class='ocrx_word' id='word_1_145' title='bbox 216 2944 390 3005; x_wconf 86' lang='lat' dir='ltr'><strong>orationibus,</strong></span> <span class='ocrx_word' id='word_1_146' title='bbox 409 2945 473 3007; x_wconf 90' lang='lat' dir='ltr'><strong>qnia</strong></span> <span class='ocrx_word' id='word_1_147' title='bbox 485 2944 599 2992; x_wconf 87' lang='lat' dir='ltr'><strong>laxatior</strong></span> <span class='ocrx_word' id='word_1_148' title='bbox 612 2950 653 2992; x_wconf 89' lang='lat' dir='ltr'><strong>est</strong></span> 
     </span>
     <span class='ocr_line' id='line_1_33' title="bbox 114 3030 652 3092; baseline 0 -14"><span class='ocrx_word' id='word_1_149' title='bbox 114 3033 234 3092; x_wconf 86' lang='lat' dir='ltr'><strong>materia,</strong></span> <span class='ocrx_word' id='word_1_150' title='bbox 247 3031 336 3079; x_wconf 88' lang='lat' dir='ltr'><strong>minus</strong></span> <span class='ocrx_word' id='word_1_151' title='bbox 348 3031 494 3080; x_wconf 86' lang='lat' dir='ltr'><strong>earundem</strong></span> <span class='ocrx_word' id='word_1_152' title='bbox 506 3045 595 3079; x_wconf 86' lang='lat' dir='ltr'><strong>rerum</strong></span> <span class='ocrx_word' id='word_1_153' title='bbox 607 3030 652 3078; x_wconf 92' lang='lat' dir='ltr'><strong>ad-</strong></span> 
     </span>
     <span class='ocr_line' id='line_1_34' title="bbox 115 3117 651 3178; baseline 0.002 -13"><span class='ocrx_word' id='word_1_154' title='bbox 115 3123 223 3167; x_wconf 88' lang='lat' dir='ltr'><strong>notatur</strong></span> <span class='ocrx_word' id='word_1_155' title='bbox 241 3118 348 3166; x_wconf 88' lang='lat' dir='ltr'><strong>iteratio</strong></span> <span class='ocrx_word' id='word_1_156' title='bbox 367 3119 426 3178; x_wconf 93' lang='grc'>490,</span> <span class='ocrx_word' id='word_1_157' title='bbox 441 3118 468 3177; x_wconf 91' lang='grc'><strong>7,</strong></span> <span class='ocrx_word' id='word_1_158' title='bbox 488 3117 582 3166; x_wconf 89' lang='lat' dir='ltr'><strong>babuit</strong></span> <span class='ocrx_word' id='word_1_159' title='bbox 601 3118 651 3166; x_wconf 91' lang='lat' dir='ltr'><strong>hoc</strong></span> 
     </span>
     <span class='ocr_line' id='line_1_35' title="bbox 114 3205 651 3267; baseline 0.004 -16"><span class='ocrx_word' id='word_1_160' title='bbox 114 3206 222 3253; x_wconf 86' lang='lat' dir='ltr'><strong>vitium:</strong></span> <span class='ocrx_word' id='word_1_161' title='bbox 247 3205 396 3253; x_wconf 87' lang='lat' dir='ltr'><strong>sententias</strong></span> <span class='ocrx_word' id='word_1_162' title='bbox 418 3219 480 3253; x_wconf 88' lang='lat' dir='ltr'><strong>suas</strong></span> <span class='ocrx_word' id='word_1_163' title='bbox 504 3205 651 3267; x_wconf 86' lang='lat' dir='ltr'><strong>repetendo</strong></span> 
     </span>
     <span class='ocr_line' id='line_1_36' title="bbox 114 3294 650 3355; baseline 0 -15"><span class='ocrx_word' id='word_1_164' title='bbox 114 3294 245 3355; x_wconf 76' lang='lat' dir='ltr'><strong>corrupit3</strong></span> <span class='ocrx_word' id='word_1_165' title='bbox 263 3307 318 3340; x_wconf 92' lang='lat' dir='ltr'><strong>non</strong></span> <span class='ocrx_word' id='word_1_166' title='bbox 336 3296 480 3340; x_wconf 88' lang='lat' dir='ltr'><strong>contentus</strong></span> <span class='ocrx_word' id='word_1_167' title='bbox 494 3305 575 3339; x_wconf 89' lang='lat' dir='ltr'><strong>unam</strong></span> <span class='ocrx_word' id='word_1_168' title='bbox 594 3305 650 3340; x_wconf 87' lang='lat' dir='ltr'><strong>rem</strong></span> 
     </span>
     <span class='ocr_line' id='line_1_37' title="bbox 114 3376 651 3438; baseline -0.002 -12"><span class='ocrx_word' id='word_1_169' title='bbox 114 3378 197 3427; x_wconf 86' lang='lat' dir='ltr'><strong>semel</strong></span> <span class='ocrx_word' id='word_1_170' title='bbox 216 3377 393 3427; x_wconf 86' lang='lat' dir='ltr'><strong>benedicere</strong></span> <span class='ocrx_word' id='word_1_171' title='bbox 412 3376 509 3438; x_wconf 84' lang='lat' dir='ltr'><strong>effecit,</strong></span> <span class='ocrx_word' id='word_1_172' title='bbox 528 3392 563 3425; x_wconf 89' lang='lat' dir='ltr'><strong>ne</strong></span> <span class='ocrx_word' id='word_1_173' title='bbox 581 3378 651 3426; x_wconf 90' lang='lat' dir='ltr'><strong>bene</strong></span> 
     </span>
     <span class='ocr_line' id='line_1_38' title="bbox 113 3464 651 3529; baseline 0.002 -17"><span class='ocrx_word' id='word_1_174' title='bbox 113 3464 225 3514; x_wconf 89' lang='lat' dir='ltr'><strong>diceret.</strong></span> <span class='ocrx_word' id='word_1_175' title='bbox 254 3470 281 3514; x_wconf 91' lang='lat' dir='ltr'><strong>et</strong></span> <span class='ocrx_word' id='word_1_176' title='bbox 303 3471 411 3529; x_wconf 87' lang='lat' dir='ltr'><strong>propter</strong></span> <span class='ocrx_word' id='word_1_177' title='bbox 428 3465 479 3514; x_wconf 91' lang='lat' dir='ltr'><strong>hoc</strong></span> <span class='ocrx_word' id='word_1_178' title='bbox 498 3471 525 3513; x_wconf 91' lang='lat' dir='ltr'><strong>et</strong></span> <span class='ocrx_word' id='word_1_179' title='bbox 543 3471 651 3528; x_wconf 83' lang='lat' dir='ltr'><strong>propter</strong></span> 
     </span>
     <span class='ocr_line' id='line_1_39' title="bbox 113 3550 650 3616; baseline 0 -16"><span class='ocrx_word' id='word_1_180' title='bbox 113 3550 180 3611; x_wconf 84' lang='lat' dir='ltr'><strong>alia,</strong></span> <span class='ocrx_word' id='word_1_181' title='bbox 204 3551 301 3616; x_wconf 87' lang='lat' dir='ltr'><strong>quibus</strong></span> <span class='ocrx_word' id='word_1_182' title='bbox 331 3557 420 3600; x_wconf 83' lang='lat' dir='ltr'><strong>orator</strong></span> <span class='ocrx_word' id='word_1_183' title='bbox 443 3557 532 3615; x_wconf 90' lang='lat' dir='ltr'><strong>potest</strong></span> <span class='ocrx_word' id='word_1_184' title='bbox 554 3558 650 3615; x_wconf 88' lang='lat' dir='ltr'><strong>poetae</strong></span> 
     </span>
     <span class='ocr_line' id='line_1_40' title="bbox 113 3638 648 3699; baseline 0.004 -14"><span class='ocrx_word' id='word_1_185' title='bbox 113 3638 207 3687; x_wconf 86' lang='lat' dir='ltr'><strong>similis</strong></span> <span class='ocrx_word' id='word_1_186' title='bbox 226 3638 319 3699; x_wconf 85' lang='lat' dir='ltr'><strong>videri,</strong></span> <span class='ocrx_word' id='word_1_187' title='bbox 338 3639 441 3687; x_wconf 88' lang='lat' dir='ltr'><strong>solebat</strong></span> <span class='ocrx_word' id='word_1_188' title='bbox 454 3639 569 3688; x_wconf 82' lang='lat' dir='ltr'><strong>Scaurus</strong></span> <span class='ocrx_word' id='word_1_189' title='bbox 588 3654 648 3688; x_wconf 87' lang='lat' dir='ltr'><strong>eum</strong></span> 
     </span>
     <span class='ocr_line' id='line_1_41' title="bbox 104 3725 648 3787; baseline -0.002 -13"><span class='ocrx_word' id='word_1_190' title='bbox 104 3726 179 3776; x_wconf 85' lang='lat' dir='ltr'><strong>inter</strong></span> <span class='ocrx_word' id='word_1_191' title='bbox 196 3730 316 3777; x_wconf 84' lang='lat' dir='ltr'><strong>oratores</strong></span> <span class='ocrx_word' id='word_1_192' title='bbox 330 3725 457 3777; x_wconf 88' lang='lat' dir='ltr'><strong>Ovidium</strong></span> <span class='ocrx_word' id='word_1_193' title='bbox 474 3740 571 3775; x_wconf 74' lang='lat' dir='ltr'><strong>vocare</strong></span> <span class='ocrx_word' id='word_1_194' title='bbox 589 3727 648 3787; x_wconf 90' lang='grc'>491,</span> 
     </span>
    </p>
   </div>
   <div class='ocr_carea' id='block_1_3' title="bbox 93 3817 658 3880">
    <p class='ocr_par' dir='ltr' id='par_1_8' title="bbox 93 3817 658 3880">
     <span class='ocr_line' id='line_1_42' title="bbox 93 3817 658 3880; baseline -0.009 -10"><span class='ocrx_word' id='word_1_195' title='bbox 93 3817 141 3880; x_wconf 77' lang='grc'><strong>13,</strong></span> <span class='ocrx_word' id='word_1_196' title='bbox 154 3817 228 3870; x_wconf 84' lang='lat' dir='ltr'><strong>dixit</strong></span> <span class='ocrx_word' id='word_1_197' title='bbox 238 3834 297 3872; x_wconf 88' lang='lat' dir='ltr'><strong>rem</strong></span> <span class='ocrx_word' id='word_1_198' title='bbox 309 3819 525 3873; x_wconf 86' lang='lat' dir='ltr'><strong>disertissimam</strong></span> <span class='ocrx_word' id='word_1_199' title='bbox 534 3823 562 3870; x_wconf 89' lang='lat' dir='ltr'><strong>et</strong></span> <span class='ocrx_word' id='word_1_200' title='bbox 572 3817 658 3868; x_wconf 91' lang='lat' dir='ltr'><strong>omni-</strong></span> 
     </span>
    </p>
   </div>
   <div class='ocr_carea' id='block_1_4' title="bbox 629 182 754 234">
    <p class='ocr_par' dir='ltr' id='par_1_9' title="bbox 629 182 754 234">
     <span class='ocr_line' id='line_1_43' title="bbox 629 182 754 234; baseline 0 -2"><span class='ocrx_word' id='word_1_201' title='bbox 629 182 754 234; x_wconf 76' lang='lat' dir='ltr'><strong>INDEX.</strong></span> 
     </span>
    </p>
   </div>
   <div class='ocr_carea' id='block_1_5' title="bbox 742 340 1289 2743">
    <p class='ocr_par' dir='ltr' id='par_1_10' title="bbox 743 340 1289 2139">
     <span class='ocr_line' id='line_1_44' title="bbox 755 340 1289 413; baseline 0.021 -25"><span class='ocrx_word' id='word_1_202' title='bbox 755 340 804 389; x_wconf 89' lang='lat' dir='ltr'><strong>bus</strong></span> <span class='ocrx_word' id='word_1_203' title='bbox 825 341 940 390; x_wconf 89' lang='lat' dir='ltr'><strong>saeculis</strong></span> <span class='ocrx_word' id='word_1_204' title='bbox 963 342 1129 406; x_wconf 83' lang='lat' dir='ltr'><strong>duraturam,</strong></span> <span class='ocrx_word' id='word_1_205' title='bbox 1154 364 1209 413; x_wconf 89' lang='lat' dir='ltr'><strong>qna</strong></span> <span class='ocrx_word' id='word_1_206' title='bbox 1230 349 1289 398; x_wconf 91' lang='lat' dir='ltr'><strong>nibil</strong></span> 
     </span>
     <span class='ocr_line' id='line_1_45' title="bbox 754 426 1288 496; baseline 0.022 -22"><span class='ocrx_word' id='word_1_207' title='bbox 754 426 851 476; x_wconf 90' lang='lat' dir='ltr'><strong>melius</strong></span> <span class='ocrx_word' id='word_1_208' title='bbox 872 428 902 475; x_wconf 95' lang='lat' dir='ltr'><strong>in</strong></span> <span class='ocrx_word' id='word_1_209' title='bbox 924 430 1057 479; x_wconf 89' lang='lat' dir='ltr'><strong>eiusmodi</strong></span> <span class='ocrx_word' id='word_1_210' title='bbox 1080 447 1186 496; x_wconf 84' lang='lat' dir='ltr'><strong>genere</strong></span> <span class='ocrx_word' id='word_1_211' title='bbox 1208 451 1288 485; x_wconf 86' lang='lat' dir='ltr'><strong>cansa·</strong></span> 
     </span>
     <span class='ocr_line' id='line_1_46' title="bbox 753 513 1289 572; baseline 0.021 -11"><span class='ocrx_word' id='word_1_212' title='bbox 753 527 813 561; x_wconf 89' lang='lat' dir='ltr'><strong>rum</strong></span> <span class='ocrx_word' id='word_1_213' title='bbox 830 513 931 562; x_wconf 89' lang='lat' dir='ltr'><strong>dictum</strong></span> <span class='ocrx_word' id='word_1_214' title='bbox 949 529 1008 564; x_wconf 87' lang='lat' dir='ltr'><strong>esse</strong></span> <span class='ocrx_word' id='word_1_215' title='bbox 1020 517 1144 568; x_wconf 81' lang='lat' dir='ltr'><strong>Senecae</strong></span> <span class='ocrx_word' id='word_1_216' title='bbox 1157 522 1289 572; x_wconf 80' lang='lat' dir='ltr'><strong>videbatur</strong></span> 
     </span>
     <span class='ocr_line' id='line_1_47' title="bbox 752 601 1289 661; baseline 0.022 -14"><span class='ocrx_word' id='word_1_217' title='bbox 752 602 873 661; x_wconf 84' lang='grc'>490,14,</span> <span class='ocrx_word' id='word_1_218' title='bbox 892 601 1021 651; x_wconf 89' lang='lat' dir='ltr'><strong>iudicium</strong></span> <span class='ocrx_word' id='word_1_219' title='bbox 1040 604 1101 652; x_wconf 88' lang='lat' dir='ltr'><strong>eius</strong></span> <span class='ocrx_word' id='word_1_220' title='bbox 1119 606 1154 656; x_wconf 95' lang='lat' dir='ltr'><strong>de</strong></span> <span class='ocrx_word' id='word_1_221' title='bbox 1167 611 1289 658; x_wconf 76' lang='lat' dir='ltr'><strong>exercita·</strong></span> 
     </span>
     <span class='ocr_line' id='line_1_48' title="bbox 752 686 1288 760; baseline 0.022 -26"><span class='ocrx_word' id='word_1_222' title='bbox 752 686 872 735; x_wconf 84' lang='lat' dir='ltr'><strong>tionibus</strong></span> <span class='ocrx_word' id='word_1_223' title='bbox 899 688 1067 738; x_wconf 85' lang='lat' dir='ltr'><strong>scholasticis</strong></span> <span class='ocrx_word' id='word_1_224' title='bbox 1094 693 1157 753; x_wconf 90' lang='grc'>371,</span> <span class='ocrx_word' id='word_1_225' title='bbox 1176 697 1211 744; x_wconf 92' lang='grc'><strong>90</strong></span> <span class='ocrx_word' id='word_1_226' title='bbox 1227 711 1288 760; x_wconf 56' lang='lat' dir='ltr'><strong>sequ</strong></span> 
     </span>
     <span class='ocr_line' id='line_1_49' title="bbox 751 774 1288 841; baseline 0.019 -20"><span class='ocrx_word' id='word_1_227' title='bbox 751 774 855 822; x_wconf 89' lang='lat' dir='ltr'><strong>amicus</strong></span> <span class='ocrx_word' id='word_1_228' title='bbox 874 780 932 823; x_wconf 91' lang='lat' dir='ltr'><strong>erat</strong></span> <span class='ocrx_word' id='word_1_229' title='bbox 949 775 1046 823; x_wconf 88' lang='lat' dir='ltr'><strong>Marcii</strong></span> <span class='ocrx_word' id='word_1_230' title='bbox 1063 776 1200 841; x_wconf 87' lang='lat' dir='ltr'><strong>Marcelli,</strong></span> <span class='ocrx_word' id='word_1_231' title='bbox 1218 784 1288 831; x_wconf 88' lang='lat' dir='ltr'><strong>cuius</strong></span> 
     </span>
     <span class='ocr_line' id='line_1_50' title="bbox 751 859 1288 932; baseline 0.019 -24"><span class='ocrx_word' id='word_1_232' title='bbox 751 859 908 924; x_wconf 83' lang='lat' dir='ltr'><strong>frequenter</strong></span> <span class='ocrx_word' id='word_1_233' title='bbox 934 863 1101 912; x_wconf 90' lang='lat' dir='ltr'><strong>mentionem</strong></span> <span class='ocrx_word' id='word_1_234' title='bbox 1132 866 1163 914; x_wconf 91' lang='lat' dir='ltr'><strong>in</strong></span> <span class='ocrx_word' id='word_1_235' title='bbox 1189 870 1288 932; x_wconf 85' lang='lat' dir='ltr'><strong>scriptis</strong></span> 
     </span>
     <span class='ocr_line' id='line_1_51' title="bbox 750 945 1287 1010; baseline 0.019 -17"><span class='ocrx_word' id='word_1_236' title='bbox 750 947 807 994; x_wconf 91' lang='lat' dir='ltr'><strong>suis</strong></span> <span class='ocrx_word' id='word_1_237' title='bbox 824 945 891 995; x_wconf 85' lang='lat' dir='ltr'><strong>fecit</strong></span> <span class='ocrx_word' id='word_1_238' title='bbox 908 952 1046 1010; x_wconf 88' lang='lat' dir='ltr'><strong>tamquam</strong></span> <span class='ocrx_word' id='word_1_239' title='bbox 1065 948 1184 1000; x_wconf 87' lang='lat' dir='ltr'><strong>hominis</strong></span> <span class='ocrx_word' id='word_1_240' title='bbox 1202 953 1287 1003; x_wconf 89' lang='lat' dir='ltr'><strong>diserti</strong></span> 
     </span>
     <span class='ocr_line' id='line_1_52' title="bbox 749 1033 1286 1095; baseline 0.019 -15"><span class='ocrx_word' id='word_1_241' title='bbox 749 1033 871 1095; x_wconf 91' lang='grc'>499,17,</span> <span class='ocrx_word' id='word_1_242' title='bbox 890 1033 962 1082; x_wconf 88' lang='lat' dir='ltr'><strong>dicta</strong></span> <span class='ocrx_word' id='word_1_243' title='bbox 980 1035 1076 1084; x_wconf 85' lang='lat' dir='ltr'><strong>Marcii</strong></span> <span class='ocrx_word' id='word_1_244' title='bbox 1094 1037 1219 1088; x_wconf 82' lang='lat' dir='ltr'><strong>Marcelli</strong></span> <span class='ocrx_word' id='word_1_245' title='bbox 1237 1040 1286 1089; x_wconf 88' lang='lat' dir='ltr'><strong>lau·</strong></span> 
     </span>
     <span class='ocr_line' id='line_1_53' title="bbox 749 1119 1286 1188; baseline 0.019 -21"><span class='ocrx_word' id='word_1_246' title='bbox 749 1119 825 1168; x_wconf 79' lang='lat' dir='ltr'><strong>davit</strong></span> <span class='ocrx_word' id='word_1_247' title='bbox 841 1121 902 1180; x_wconf 91' lang='grc'>410,</span> <span class='ocrx_word' id='word_1_248' title='bbox 918 1123 939 1168; x_wconf 91' lang='grc'><strong>1.</strong></span> <span class='ocrx_word' id='word_1_249' title='bbox 952 1121 1012 1181; x_wconf 91' lang='grc'>419,</span> <span class='ocrx_word' id='word_1_250' title='bbox 1026 1123 1067 1170; x_wconf 83' lang='grc'><strong>21.</strong></span> <span class='ocrx_word' id='word_1_251' title='bbox 1087 1125 1149 1186; x_wconf 90' lang='grc'>499,</span> <span class='ocrx_word' id='word_1_252' title='bbox 1165 1128 1210 1188; x_wconf 94' lang='grc'><strong>19,</strong></span> <span class='ocrx_word' id='word_1_253' title='bbox 1228 1127 1286 1176; x_wconf 90' lang='lat' dir='ltr'><strong>Por-</strong></span> 
     </span>
     <span class='ocr_line' id='line_1_54' title="bbox 749 1207 1283 1262; baseline 0.019 -9"><span class='ocrx_word' id='word_1_254' title='bbox 749 1207 821 1254; x_wconf 88' lang='lat' dir='ltr'><strong>cium</strong></span> <span class='ocrx_word' id='word_1_255' title='bbox 841 1207 987 1256; x_wconf 88' lang='lat' dir='ltr'><strong>Latronem</strong></span> <span class='ocrx_word' id='word_1_256' title='bbox 1010 1207 1222 1262; x_wconf 86' lang='lat' dir='ltr'><strong>declamatoriae</strong></span> <span class='ocrx_word' id='word_1_257' title='bbox 1239 1215 1283 1262; x_wconf 80' lang='lat' dir='ltr'><strong>vir-</strong></span> 
     </span>
     <span class='ocr_line' id='line_1_55' title="bbox 748 1294 1283 1359; baseline 0.013 -17"><span class='ocrx_word' id='word_1_258' title='bbox 748 1294 814 1342; x_wconf 82' lang='lat' dir='ltr'><strong>tutis</strong></span> <span class='ocrx_word' id='word_1_259' title='bbox 832 1294 943 1341; x_wconf 87' lang='lat' dir='ltr'><strong>unicum</strong></span> <span class='ocrx_word' id='word_1_260' title='bbox 962 1294 1116 1359; x_wconf 89' lang='lat' dir='ltr'><strong>exemplum</strong></span> <span class='ocrx_word' id='word_1_261' title='bbox 1140 1312 1201 1348; x_wconf 84' lang='lat' dir='ltr'><strong>esse</strong></span> <span class='ocrx_word' id='word_1_262' title='bbox 1222 1300 1283 1348; x_wconf 80' lang='lat' dir='ltr'><strong>dixit</strong></span> 
     </span>
     <span class='ocr_line' id='line_1_56' title="bbox 749 1379 1283 1440; baseline 0.017 -14"><span class='ocrx_word' id='word_1_263' title='bbox 749 1381 808 1440; x_wconf 87' lang='grc'>371,</span> <span class='ocrx_word' id='word_1_264' title='bbox 833 1381 876 1436; x_wconf 82' lang='grc'><strong>16,</strong></span> <span class='ocrx_word' id='word_1_265' title='bbox 903 1379 1034 1429; x_wconf 90' lang='lat' dir='ltr'><strong>iudicium</strong></span> <span class='ocrx_word' id='word_1_266' title='bbox 1061 1383 1121 1430; x_wconf 88' lang='lat' dir='ltr'><strong>eins</strong></span> <span class='ocrx_word' id='word_1_267' title='bbox 1150 1384 1185 1433; x_wconf 91' lang='lat' dir='ltr'><strong>de</strong></span> <span class='ocrx_word' id='word_1_268' title='bbox 1210 1386 1283 1434; x_wconf 88' lang='lat' dir='ltr'><strong>Vibio</strong></span> 
     </span>
     <span class='ocr_line' id='line_1_57' title="bbox 748 1465 1284 1528; baseline 0.015 -15"><span class='ocrx_word' id='word_1_269' title='bbox 748 1465 818 1514; x_wconf 82' lang='lat' dir='ltr'><strong>Rufo</strong></span> <span class='ocrx_word' id='word_1_270' title='bbox 845 1467 909 1527; x_wconf 89' lang='grc'>390,</span> <span class='ocrx_word' id='word_1_271' title='bbox 927 1469 957 1528; x_wconf 91' lang='grc'><strong>4,</strong></span> <span class='ocrx_word' id='word_1_272' title='bbox 985 1467 1014 1516; x_wconf 89' lang='lat' dir='ltr'><strong>P.</strong></span> <span class='ocrx_word' id='word_1_273' title='bbox 1033 1468 1160 1518; x_wconf 85' lang='lat' dir='ltr'><strong>Vinicius</strong></span> <span class='ocrx_word' id='word_1_274' title='bbox 1187 1472 1284 1521; x_wconf 87' lang='lat' dir='ltr'><strong>solebat</strong></span> 
     </span>
     <span class='ocr_line' id='line_1_58' title="bbox 745 1554 1282 1617; baseline 0.017 -18"><span class='ocrx_word' id='word_1_275' title='bbox 745 1554 908 1602; x_wconf 88' lang='lat' dir='ltr'><strong>sententiam</strong></span> <span class='ocrx_word' id='word_1_276' title='bbox 932 1554 1067 1617; x_wconf 89' lang='lat' dir='ltr'><strong>quandam</strong></span> <span class='ocrx_word' id='word_1_277' title='bbox 1086 1555 1201 1606; x_wconf 86' lang='lat' dir='ltr'><strong>Seniani</strong></span> <span class='ocrx_word' id='word_1_278' title='bbox 1223 1559 1282 1608; x_wconf 90' lang='lat' dir='ltr'><strong>deri·</strong></span> 
     </span>
     <span class='ocr_line' id='line_1_59' title="bbox 747 1638 1280 1694; baseline 0.015 -7"><span class='ocrx_word' id='word_1_279' title='bbox 747 1638 810 1688; x_wconf 89' lang='lat' dir='ltr'><strong>dere</strong></span> <span class='ocrx_word' id='word_1_280' title='bbox 828 1645 856 1688; x_wconf 91' lang='lat' dir='ltr'><strong>et</strong></span> <span class='ocrx_word' id='word_1_281' title='bbox 868 1640 983 1690; x_wconf 87' lang='lat' dir='ltr'><strong>similem</strong></span> <span class='ocrx_word' id='word_1_282' title='bbox 1002 1640 1044 1689; x_wconf 89' lang='lat' dir='ltr'><strong>illi</strong></span> <span class='ocrx_word' id='word_1_283' title='bbox 1061 1642 1164 1693; x_wconf 86' lang='lat' dir='ltr'><strong>reterre</strong></span> <span class='ocrx_word' id='word_1_284' title='bbox 1183 1646 1212 1694; x_wconf 93' lang='lat' dir='ltr'><strong>in</strong></span> <span class='ocrx_word' id='word_1_285' title='bbox 1230 1660 1280 1694; x_wconf 90' lang='lat' dir='ltr'><strong>ora·</strong></span> 
     </span>
     <span class='ocr_line' id='line_1_60' title="bbox 746 1726 1280 1791; baseline 0.015 -19"><span class='ocrx_word' id='word_1_286' title='bbox 746 1726 821 1773; x_wconf 89' lang='lat' dir='ltr'><strong>tione</strong></span> <span class='ocrx_word' id='word_1_287' title='bbox 843 1726 953 1776; x_wconf 90' lang='lat' dir='ltr'><strong>Votieni</strong></span> <span class='ocrx_word' id='word_1_288' title='bbox 975 1728 1075 1777; x_wconf 86' lang='lat' dir='ltr'><strong>dictam</strong></span> <span class='ocrx_word' id='word_1_289' title='bbox 1098 1732 1160 1791; x_wconf 84' lang='lat'>316,</span> <span class='ocrx_word' id='word_1_290' title='bbox 1183 1734 1223 1782; x_wconf 88' lang='lat'><strong>14.</strong></span> <span class='ocrx_word' id='word_1_291' title='bbox 1241 1734 1280 1790; x_wconf 90' lang='grc'><strong>99,</strong></span> 
     </span>
     <span class='ocr_line' id='line_1_61' title="bbox 746 1810 1279 1881; baseline 0.017 -22"><span class='ocrx_word' id='word_1_292' title='bbox 746 1810 947 1876; x_wconf 79' lang='lat' dir='ltr'><strong>elegantissime</strong></span> <span class='ocrx_word' id='word_1_293' title='bbox 969 1813 1063 1863; x_wconf 71' lang='lat' dir='ltr'><strong>derisM</strong></span> <span class='ocrx_word' id='word_1_294' title='bbox 1084 1816 1204 1881; x_wconf 86' lang='lat' dir='ltr'><strong>ineptias</strong></span> <span class='ocrx_word' id='word_1_295' title='bbox 1229 1819 1279 1867; x_wconf 82' lang='lat' dir='ltr'><strong>rbe</strong></span> 
     </span>
     <span class='ocr_line' id='line_1_62' title="bbox 745 1901 1277 1964; baseline 0.009 -17"><span class='ocrx_word' id='word_1_296' title='bbox 745 1902 833 1947; x_wconf 88' lang='lat' dir='ltr'><strong>torum</strong></span> <span class='ocrx_word' id='word_1_297' title='bbox 851 1901 971 1960; x_wconf 77' lang='lat'>426,15;</span> <span class='ocrx_word' id='word_1_298' title='bbox 995 1901 1159 1964; x_wconf 86' lang='lat' dir='ltr'><strong>improbavit</strong></span> <span class='ocrx_word' id='word_1_299' title='bbox 1177 1911 1277 1954; x_wconf 90' lang='lat' dir='ltr'><strong>senten-</strong></span> 
     </span>
     <span class='ocr_line' id='line_1_63' title="bbox 745 1985 1277 2047; baseline 0.008 -13"><span class='ocrx_word' id='word_1_300' title='bbox 745 1987 810 2034; x_wconf 91' lang='lat' dir='ltr'><strong>tiam</strong></span> <span class='ocrx_word' id='word_1_301' title='bbox 820 1985 904 2035; x_wconf 88' lang='lat' dir='ltr'><strong>Cestii</strong></span> <span class='ocrx_word' id='word_1_302' title='bbox 913 1989 974 2047; x_wconf 89' lang='grc'>496,</span> <span class='ocrx_word' id='word_1_303' title='bbox 984 1988 1030 2047; x_wconf 89' lang='grc'><strong>90,</strong></span> <span class='ocrx_word' id='word_1_304' title='bbox 1041 1989 1109 2037; x_wconf 89' lang='lat' dir='ltr'><strong>item</strong></span> <span class='ocrx_word' id='word_1_305' title='bbox 1116 1990 1217 2040; x_wconf 84' lang='lat' dir='ltr'><strong>Triarii</strong></span> <span class='ocrx_word' id='word_1_306' title='bbox 1226 1993 1277 2047; x_wconf 87' lang='grc'>497,</span> 
     </span>
     <span class='ocr_line' id='line_1_64' title="bbox 743 2073 1261 2139; baseline 0.012 -19"><span class='ocrx_word' id='word_1_307' title='bbox 743 2074 774 2133; x_wconf 88' lang='grc'><strong>4,</strong></span> <span class='ocrx_word' id='word_1_308' title='bbox 792 2074 857 2121; x_wconf 88' lang='lat' dir='ltr'><strong>item</strong></span> <span class='ocrx_word' id='word_1_309' title='bbox 877 2073 969 2123; x_wconf 80' lang='lat' dir='ltr'><strong>Fulvii</strong></span> <span class='ocrx_word' id='word_1_310' title='bbox 987 2074 1077 2139; x_wconf 84' lang='lat' dir='ltr'><strong>Sparsi</strong></span> <span class='ocrx_word' id='word_1_311' title='bbox 1095 2077 1157 2137; x_wconf 87' lang='grc'>491,</span> <span class='ocrx_word' id='word_1_312' title='bbox 1175 2081 1214 2126; x_wconf 89' lang='grc'><strong>14.</strong></span> <span class='ocrx_word' id='word_1_313' title='bbox 1227 2079 1261 2126; x_wconf 87' lang='grc'><strong>19.</strong></span> 
     </span>
    </p>

    <p class='ocr_par' dir='ltr' id='par_1_11' title="bbox 745 2158 1276 2309">
     <span class='ocr_line' id='line_1_65' title="bbox 797 2158 1276 2223; baseline 0.002 -14"><span class='ocrx_word' id='word_1_314' title='bbox 797 2158 953 2210; x_wconf 78' lang='lat' dir='ltr'><strong>Sententiae:</strong></span> <span class='ocrx_word' id='word_1_315' title='bbox 971 2163 1031 2221; x_wconf 90' lang='grc'>374,</span> <span class='ocrx_word' id='word_1_316' title='bbox 1045 2163 1068 2210; x_wconf 90' lang='grc'><strong>8.</strong></span> <span class='ocrx_word' id='word_1_317' title='bbox 1088 2163 1205 2223; x_wconf 91' lang='grc'>386,11.</span> <span class='ocrx_word' id='word_1_318' title='bbox 1224 2165 1276 2219; x_wconf 89' lang='grc'>397,</span> 
     </span>
     <span class='ocr_line' id='line_1_66' title="bbox 745 2247 1152 2309; baseline 0.007 -16"><span class='ocrx_word' id='word_1_319' title='bbox 745 2247 785 2295; x_wconf 89' lang='lat'><strong>10.</strong></span> <span class='ocrx_word' id='word_1_320' title='bbox 804 2247 919 2307; x_wconf 72' lang='grc'>40415.</span> <span class='ocrx_word' id='word_1_321' title='bbox 937 2251 998 2309; x_wconf 84' lang='lat'>415,</span> <span class='ocrx_word' id='word_1_322' title='bbox 1010 2250 1034 2298; x_wconf 82' lang='lat' dir='ltr'><strong>e.</strong></span> <span class='ocrx_word' id='word_1_323' title='bbox 1053 2249 1114 2308; x_wconf 74' lang='lat'>423,</span> <span class='ocrx_word' id='word_1_324' title='bbox 1128 2249 1152 2298; x_wconf 80' lang='grc'><strong>1.</strong></span> 
     </span>
    </p>

    <p class='ocr_par' dir='ltr' id='par_1_12' title="bbox 743 2333 1274 2479">
     <span class='ocr_line' id='line_1_67' title="bbox 795 2333 1274 2396; baseline 0 -15"><span class='ocrx_word' id='word_1_325' title='bbox 795 2333 956 2384; x_wconf 78' lang='lat' dir='ltr'><strong>Divisioaes:</strong></span> <span class='ocrx_word' id='word_1_326' title='bbox 974 2336 1033 2395; x_wconf 90' lang='grc'>378,</span> <span class='ocrx_word' id='word_1_327' title='bbox 1042 2337 1066 2384; x_wconf 93' lang='grc'><strong>9.</strong></span> <span class='ocrx_word' id='word_1_328' title='bbox 1079 2337 1140 2396; x_wconf 89' lang='grc'>387,</span> <span class='ocrx_word' id='word_1_329' title='bbox 1151 2337 1174 2386; x_wconf 90' lang='grc'><strong>6.</strong></span> <span class='ocrx_word' id='word_1_330' title='bbox 1189 2338 1246 2395; x_wconf 88' lang='grc'>408,</span> <span class='ocrx_word' id='word_1_331' title='bbox 1255 2336 1274 2383; x_wconf 90' lang='grc'><strong>8.</strong></span> 
     </span>
     <span class='ocr_line' id='line_1_68' title="bbox 743 2421 858 2479; baseline 0.017 -13"><span class='ocrx_word' id='word_1_332' title='bbox 743 2421 858 2479; x_wconf 65' lang='grc'>411110.</span> 
     </span>
    </p>

    <p class='ocr_par' dir='ltr' id='par_1_13' title="bbox 742 2507 1272 2743">
     <span class='ocr_line' id='line_1_69' title="bbox 798 2507 1272 2569; baseline -0.004 -13"><span class='ocrx_word' id='word_1_333' title='bbox 798 2507 910 2557; x_wconf 72' lang='lat' dir='ltr'><strong>colora.-</strong></span> <span class='ocrx_word' id='word_1_334' title='bbox 921 2508 981 2566; x_wconf 77' lang='lat'>317,</span> <span class='ocrx_word' id='word_1_335' title='bbox 992 2509 1016 2554; x_wconf 93' lang='lat'><strong>1.</strong></span> <span class='ocrx_word' id='word_1_336' title='bbox 1029 2509 1088 2567; x_wconf 80' lang='lat'>379,</span> <span class='ocrx_word' id='word_1_337' title='bbox 1102 2511 1142 2556; x_wconf 79' lang='lat'><strong>12.</strong></span> <span class='ocrx_word' id='word_1_338' title='bbox 1155 2511 1215 2569; x_wconf 80' lang='lat'>390,</span> <span class='ocrx_word' id='word_1_339' title='bbox 1225 2510 1272 2558; x_wconf 75' lang='grc'><strong>11.</strong></span> 
     </span>
     <span class='ocr_line' id='line_1_70' title="bbox 742 2595 1271 2660; baseline 0 -18"><span class='ocrx_word' id='word_1_340' title='bbox 742 2595 1271 2660; x_wconf 63' lang='grc' dir='ltr'>3913.319,19.111,9.4ιο,1.18.(411,</span> 
     </span>
     <span class='ocr_line' id='line_1_71' title="bbox 745 2682 1272 2743; baseline -0.004 -15"><span class='ocrx_word' id='word_1_341' title='bbox 745 2683 795 2743; x_wconf 89' lang='grc'>16.)</span> <span class='ocrx_word' id='word_1_342' title='bbox 810 2683 870 2742; x_wconf 86' lang='grc'>491,</span> <span class='ocrx_word' id='word_1_343' title='bbox 882 2684 907 2729; x_wconf 83' lang='grc'><strong>5.</strong></span> <span class='ocrx_word' id='word_1_344' title='bbox 922 2682 982 2741; x_wconf 89' lang='grc'>430,</span> <span class='ocrx_word' id='word_1_345' title='bbox 992 2682 1016 2729; x_wconf 92' lang='grc'><strong>8.</strong></span> <span class='ocrx_word' id='word_1_346' title='bbox 1031 2682 1091 2741; x_wconf 82' lang='grc'>470,</span> <span class='ocrx_word' id='word_1_347' title='bbox 1106 2685 1144 2729; x_wconf 87' lang='grc'><strong>13.</strong></span> <span class='ocrx_word' id='word_1_348' title='bbox 1163 2683 1224 2742; x_wconf 89' lang='grc'>479,</span> <span class='ocrx_word' id='word_1_349' title='bbox 1239 2684 1272 2728; x_wconf 81' lang='lat' dir='ltr'><strong>ld.</strong></span> 
     </span>
    </p>
   </div>
   <div class='ocr_carea' id='block_1_6' title="bbox 706 2808 1170 2875">
    <p class='ocr_par' dir='ltr' id='par_1_14' title="bbox 706 2808 1170 2875">
     <span class='ocr_line' id='line_1_72' title="bbox 706 2808 1170 2875; baseline -0.006 -12"><span class='ocrx_word' id='word_1_350' title='bbox 706 2808 819 2862; x_wconf 82' lang='lat' dir='ltr'><strong>Xerses</strong></span> <span class='ocrx_word' id='word_1_351' title='bbox 838 2813 897 2870; x_wconf 80' lang='lat'>531,</span> <span class='ocrx_word' id='word_1_352' title='bbox 910 2813 926 2859; x_wconf 82' lang='lat'>9</span> <span class='ocrx_word' id='word_1_353' title='bbox 939 2825 994 2875; x_wconf 85' lang='lat' dir='ltr'><strong>seq.</strong></span> <span class='ocrx_word' id='word_1_354' title='bbox 1013 2811 1073 2870; x_wconf 80' lang='lat'>554,</span> <span class='ocrx_word' id='word_1_355' title='bbox 1085 2811 1102 2859; x_wconf 88' lang='lat'>8</span> <span class='ocrx_word' id='word_1_356' title='bbox 1115 2825 1170 2875; x_wconf 84' lang='lat' dir='ltr'><strong>seq.</strong></span> 
     </span>
    </p>
   </div>
   <div class='ocr_carea' id='block_1_7' title="bbox 705 2935 1275 3876">
    <p class='ocr_par' dir='ltr' id='par_1_15' title="bbox 706 2935 910 3005">
     <span class='ocr_line' id='line_1_73' title="bbox 706 2935 910 3005; baseline -0.01 -14"><span class='ocrx_word' id='word_1_357' title='bbox 706 2935 787 3005; x_wconf 75' lang='grc' dir='ltr'>Ζεὺς</span> <span class='ocrx_word' id='word_1_358' title='bbox 807 2943 866 3001; x_wconf 78' lang='grc'>596,</span> <span class='ocrx_word' id='word_1_359' title='bbox 886 2943 910 2989; x_wconf 87' lang='grc'>3.</span> 
     </span>
    </p>

    <p class='ocr_par' dir='ltr' id='par_1_16' title="bbox 705 3026 1273 3614">
     <span class='ocr_line' id='line_1_74' title="bbox 705 3026 1272 3091; baseline -0.011 -11"><span class='ocrx_word' id='word_1_360' title='bbox 705 3026 815 3079; x_wconf 74' lang='lat' dir='ltr'><strong>Zeuxis</strong></span> <span class='ocrx_word' id='word_1_361' title='bbox 825 3027 938 3076; x_wconf 89' lang='lat' dir='ltr'><strong>traditur</strong></span> <span class='ocrx_word' id='word_1_362' title='bbox 947 3028 1064 3091; x_wconf 89' lang='lat' dir='ltr'><strong>pinxisse</strong></span> <span class='ocrx_word' id='word_1_363' title='bbox 1074 3042 1189 3091; x_wconf 89' lang='lat' dir='ltr'><strong>puerum</strong></span> <span class='ocrx_word' id='word_1_364' title='bbox 1200 3043 1272 3077; x_wconf 80' lang='lat' dir='ltr'><strong>uvam</strong></span> 
     </span>
     <span class='ocr_line' id='line_1_75' title="bbox 742 3115 1272 3174; baseline -0.004 -10"><span class='ocrx_word' id='word_1_365' title='bbox 742 3121 887 3174; x_wconf 86' lang='lat' dir='ltr'><strong>tenentem,</strong></span> <span class='ocrx_word' id='word_1_366' title='bbox 899 3121 933 3174; x_wconf 82' lang='lat' dir='ltr'><strong>et,</strong></span> <span class='ocrx_word' id='word_1_367' title='bbox 943 3130 1005 3162; x_wconf 88' lang='lat' dir='ltr'><strong>cum</strong></span> <span class='ocrx_word' id='word_1_368' title='bbox 1018 3120 1094 3163; x_wconf 87' lang='lat' dir='ltr'><strong>tanta</strong></span> <span class='ocrx_word' id='word_1_369' title='bbox 1107 3123 1178 3165; x_wconf 88' lang='lat' dir='ltr'><strong>esset</strong></span> <span class='ocrx_word' id='word_1_370' title='bbox 1188 3115 1272 3165; x_wconf 88' lang='lat' dir='ltr'><strong>simili-</strong></span> 
     </span>
     <span class='ocr_line' id='line_1_76' title="bbox 740 3201 1273 3262; baseline -0.004 -12"><span class='ocrx_word' id='word_1_371' title='bbox 740 3201 805 3251; x_wconf 84' lang='lat' dir='ltr'><strong>tudo</strong></span> <span class='ocrx_word' id='word_1_372' title='bbox 823 3216 901 3262; x_wconf 85' lang='lat' dir='ltr'><strong>uvae,</strong></span> <span class='ocrx_word' id='word_1_373' title='bbox 920 3207 950 3249; x_wconf 91' lang='lat' dir='ltr'><strong>ut</strong></span> <span class='ocrx_word' id='word_1_374' title='bbox 968 3202 1051 3249; x_wconf 89' lang='lat' dir='ltr'><strong>etiam</strong></span> <span class='ocrx_word' id='word_1_375' title='bbox 1069 3216 1134 3250; x_wconf 85' lang='lat' dir='ltr'><strong>aves</strong></span> <span class='ocrx_word' id='word_1_376' title='bbox 1151 3202 1273 3252; x_wconf 86' lang='lat' dir='ltr'><strong>advolare</strong></span> 
     </span>
     <span class='ocr_line' id='line_1_77' title="bbox 740 3287 1272 3354; baseline -0.002 -16"><span class='ocrx_word' id='word_1_377' title='bbox 740 3290 840 3338; x_wconf 82' lang='lat' dir='ltr'><strong>faceret</strong></span> <span class='ocrx_word' id='word_1_378' title='bbox 867 3290 954 3352; x_wconf 89' lang='lat' dir='ltr'><strong>operi,</strong></span> <span class='ocrx_word' id='word_1_379' title='bbox 982 3287 1091 3352; x_wconf 88' lang='lat' dir='ltr'><strong>qnidam</strong></span> <span class='ocrx_word' id='word_1_380' title='bbox 1120 3304 1153 3339; x_wconf 88' lang='lat' dir='ltr'><strong>ex</strong></span> <span class='ocrx_word' id='word_1_381' title='bbox 1177 3296 1272 3354; x_wconf 86' lang='lat' dir='ltr'><strong>spectu-</strong></span> 
     </span>
     <span class='ocr_line' id='line_1_78' title="bbox 739 3375 1273 3426; baseline -0.007 0"><span class='ocrx_word' id='word_1_382' title='bbox 739 3377 841 3426; x_wconf 87' lang='lat' dir='ltr'><strong>toribus</strong></span> <span class='ocrx_word' id='word_1_383' title='bbox 860 3376 927 3424; x_wconf 88' lang='lat' dir='ltr'><strong>dixit</strong></span> <span class='ocrx_word' id='word_1_384' title='bbox 949 3389 1014 3424; x_wconf 85' lang='lat' dir='ltr'><strong>aves</strong></span> <span class='ocrx_word' id='word_1_385' title='bbox 1033 3375 1105 3424; x_wconf 87' lang='lat' dir='ltr'><strong>male</strong></span> <span class='ocrx_word' id='word_1_386' title='bbox 1124 3378 1273 3425; x_wconf 83' lang='lat' dir='ltr'><strong>existimare</strong></span> 
     </span>
     <span class='ocr_line' id='line_1_79' title="bbox 739 3462 1273 3522; baseline -0.006 -10"><span class='ocrx_word' id='word_1_387' title='bbox 739 3463 772 3512; x_wconf 89' lang='lat' dir='ltr'><strong>de</strong></span> <span class='ocrx_word' id='word_1_388' title='bbox 791 3462 897 3522; x_wconf 78' lang='lat' dir='ltr'><strong>tabula3</strong></span> <span class='ocrx_word' id='word_1_389' title='bbox 923 3479 978 3512; x_wconf 93' lang='lat' dir='ltr'><strong>non</strong></span> <span class='ocrx_word' id='word_1_390' title='bbox 1001 3462 1084 3511; x_wconf 88' lang='lat' dir='ltr'><strong>fnisse</strong></span> <span class='ocrx_word' id='word_1_391' title='bbox 1102 3465 1176 3512; x_wconf 90' lang='lat' dir='ltr'><strong>enim</strong></span> <span class='ocrx_word' id='word_1_392' title='bbox 1199 3464 1273 3513; x_wconf 82' lang='lat' dir='ltr'><strong>advo·</strong></span> 
     </span>
     <span class='ocr_line' id='line_1_80' title="bbox 739 3549 1273 3614; baseline -0.006 -15"><span class='ocrx_word' id='word_1_393' title='bbox 739 3551 849 3609; x_wconf 86' lang='lat' dir='ltr'><strong>laturas,</strong></span> <span class='ocrx_word' id='word_1_394' title='bbox 862 3552 883 3598; x_wconf 90' lang='lat' dir='ltr'><strong>si</strong></span> <span class='ocrx_word' id='word_1_395' title='bbox 896 3565 964 3614; x_wconf 89' lang='lat' dir='ltr'><strong>puer</strong></span> <span class='ocrx_word' id='word_1_396' title='bbox 975 3549 1070 3599; x_wconf 88' lang='lat' dir='ltr'><strong>similis</strong></span> <span class='ocrx_word' id='word_1_397' title='bbox 1082 3557 1160 3600; x_wconf 88' lang='lat' dir='ltr'><strong>esset.</strong></span> <span class='ocrx_word' id='word_1_398' title='bbox 1175 3551 1273 3600; x_wconf 85' lang='lat' dir='ltr'><strong>Zeuxin</strong></span> 
     </span>
    </p>

    <p class='ocr_par' dir='ltr' id='par_1_17' title="bbox 706 3637 1275 3876">
     <span class='ocr_line' id='line_1_81' title="bbox 706 3637 1274 3687; baseline -0.007 0"><span class='ocrx_word' id='word_1_399' title='bbox 706 3676 709 3681; x_wconf 93' lang='lat'><strong>.</strong></span> <span class='ocrx_word' id='word_1_400' title='bbox 738 3639 816 3687; x_wconf 85' lang='lat' dir='ltr'><strong>aiunt</strong></span> <span class='ocrx_word' id='word_1_401' title='bbox 839 3637 972 3686; x_wconf 71' lang='lat' dir='ltr'><strong>obleuisse</strong></span> <span class='ocrx_word' id='word_1_402' title='bbox 998 3651 1079 3685; x_wconf 88' lang='lat' dir='ltr'><strong>uvam</strong></span> <span class='ocrx_word' id='word_1_403' title='bbox 1104 3643 1133 3686; x_wconf 90' lang='lat' dir='ltr'><strong>et</strong></span> <span class='ocrx_word' id='word_1_404' title='bbox 1157 3650 1274 3687; x_wconf 84' lang='lat' dir='ltr'><strong>servasse</strong></span> 
     </span>
     <span class='ocr_line' id='line_1_82' title="bbox 738 3725 1275 3788; baseline -0.002 -15"><span class='ocrx_word' id='word_1_405' title='bbox 738 3725 773 3785; x_wconf 91' lang='lat' dir='ltr'><strong>id,</strong></span> <span class='ocrx_word' id='word_1_406' title='bbox 793 3725 864 3788; x_wconf 91' lang='lat' dir='ltr'><strong>qnod</strong></span> <span class='ocrx_word' id='word_1_407' title='bbox 881 3725 978 3774; x_wconf 85' lang='lat' dir='ltr'><strong>melius</strong></span> <span class='ocrx_word' id='word_1_408' title='bbox 990 3730 1047 3774; x_wconf 87' lang='lat' dir='ltr'><strong>erat</strong></span> <span class='ocrx_word' id='word_1_409' title='bbox 1059 3725 1087 3772; x_wconf 93' lang='lat' dir='ltr'><strong>in</strong></span> <span class='ocrx_word' id='word_1_410' title='bbox 1102 3725 1206 3786; x_wconf 84' lang='lat' dir='ltr'><strong>tabula,</strong></span> <span class='ocrx_word' id='word_1_411' title='bbox 1226 3740 1275 3774; x_wconf 92' lang='lat' dir='ltr'><strong>non</strong></span> 
     </span>
     <span class='ocr_line' id='line_1_83' title="bbox 750 3811 1063 3876; baseline -0.016 -14"><span class='ocrx_word' id='word_1_412' title='bbox 750 3812 824 3876; x_wconf 66' lang='lat' dir='ltr'><strong>qued</strong></span> <span class='ocrx_word' id='word_1_413' title='bbox 837 3811 952 3859; x_wconf 64' lang='lat' dir='ltr'><strong>similius</strong></span> <span class='ocrx_word' id='word_1_414' title='bbox 965 3815 1028 3868; x_wconf 71' lang='lat' dir='ltr'><strong>bb&#39;u,</strong></span> <span class='ocrx_word' id='word_1_415' title='bbox 1036 3815 1063 3858; x_wconf 78' lang='lat' dir='ltr'><strong>b.</strong></span> 
     </span>
    </p>
   </div>
   <div class='ocr_carea' id='block_1_8' title="bbox 594 3971 814 3990">
    <p class='ocr_par' dir='ltr' id='par_1_18' title="bbox 594 3971 814 3990">
     <span class='ocr_line' id='line_1_84' title="bbox 594 3971 814 3990; baseline -0.005 -12"><span class='ocrx_word' id='word_1_416' title='bbox 594 3971 814 3990; x_wconf 80' lang='lat'><strong>.-.-----</strong></span> 
     </span>
    </p>
   </div>
   <div class='ocr_carea' id='block_1_9' title="bbox 0 0 1384 4110">
    <p class='ocr_par' dir='ltr' id='par_1_19' title="bbox 0 0 1384 4110">
     <span class='ocr_line' id='line_1_85' title="bbox 0 0 1384 4110; baseline 0 4"><span class='ocrx_word' id='word_1_417' title='bbox 0 0 1384 4110; x_wconf 95' lang='lat' dir='ltr'><strong> </strong></span> 
     </span>
    </p>
   </div>
  </div>
 </body>
</html>
