2760 4110
126 220 152 268 p.
172 204 222 251 rsa
241 204 273 251 u.
550 201 657 251 max
688 199 784 265 0031),
799 203 908 251 10-10.
1264 182 1327 245 471

127 357 229 418 aeirem
254 355 361 439 habet,
385 355 466 420 alter
488 357 623 441 accepit.
657 356 781 419 Fvsevs
804 355 969 421 Annnnrvs
991 366 1084 441 pater
1106 358 1168 420 ait:
1192 357 1219 419 si
1242 358 1329 420 navi·

127 484 205 545 gare
229 462 433 545 imperasses,
461 482 520 545 per
543 458 695 523 hibernos
723 459 839 524 fluctus
868 462 1007 545 egissem
1033 470 1153 543 ratem,
1184 463 1211 524 si
1239 482 1330 546 pere-

127 567 262 647 grinari,
293 564 371 628 nihil
400 564 513 628 fuisset
544 563 675 628 iubente
704 574 736 628 te
769 563 894 629 durum.
931 565 1016 629 hane
1045 586 1114 628 rem
1144 564 1329 650 imperabas

127 669 293 734 difficilem
314 668 389 732 forti
411 670 491 751 vire,
514 670 609 733 vinei.
641 669 795 732 Bnnnnvs
822 669 884 732 hoe
913 669 1018 733 colore
1045 671 1205 734 narravit:
1236 677 1330 755 pater

91 792 106 838 5
126 774 204 838 mihi
227 773 334 857 obicit,
358 772 445 858 quod
467 773 511 836 illi
534 775 567 836 in
589 795 655 837 una
677 797 713 837 re
736 796 800 837 non
824 776 993 856 cesserim3
1022 795 1082 857 ego
1109 772 1329 858 multiplicabo

126 879 260 942 crimina
284 900 373 941 mea:
397 900 574 963 numquam
594 877 649 961 illi,
674 880 819 963 quotiens
835 888 923 942 recte
939 877 1125 942 faciendum
1140 877 1209 961 fuit,
1235 879 1327 960 cessi,

126 1004 254 1067 semper
276 981 363 1046 volui
385 981 490 1045 videri
512 981 678 1065 frugalior,
701 981 805 1046 videri
820 982 907 1045 volui
929 982 1135 1064 laboriosior3
1158 1004 1234 1045 nam
1255 1004 1330 1044 eum

124 1086 167 1150 ad
190 1088 276 1149 vires
299 1095 433 1150 ventum
456 1095 535 1169 erat,
560 1087 656 1150 etiam
678 1088 747 1172 ipse
771 1086 924 1151 cedebat:
949 1108 1013 1150 nen
1034 1109 1093 1171 ego
1116 1087 1205 1151 illum
1220 1088 1329 1150 vince-

124 1191 212 1274 bam,
240 1190 298 1254 sed
321 1200 419 1254 aetas.
452 1191 617 1255 Tvnmnvs
647 1190 709 1255 hoe
740 1191 845 1254 colore
876 1213 955 1255 usus
987 1200 1051 1255 est:
1082 1192 1183 1275 volui,
1214 1193 1327 1277 inquit,
1353 1190 1380 1251 1

75 1313 105 1358 10
126 1297 254 1380 cedere,
286 1295 344 1359 sed
368 1304 470 1379 erant,
494 1298 548 1381 qui
582 1295 728 1360 dicerent
759 1318 824 1360 000
854 1286 970 1379 licere}
1001 1295 1063 1360 hoe
1094 1298 1179 1359 enim
1211 1292 1327 1382 [nobis]

124 1400 220 1464 medo
253 1400 360 1485 legem
392 1399 637 1464 saluberrimam
669 1400 743 1464 tolli.
783 1401 975 1486 disputaturi
1006 1410 1117 1464 eontra
1147 1402 1328 1485 praemium

124 1507 224 1591 patris
247 1504 444 1568 videbantur
467 1513 499 1568 et
522 1504 656 1568 dicturi:
680 1526 746 1568 non
768 1505 844 1568 licet
866 1506 950 1568 inter
973 1526 1007 1567 se
1032 1504 1149 1569 cedere
1172 1504 1326 1589 fortibus,

124 1631 188 1673 non
211 1612 354 1694 ipsorum
376 1618 502 1673 tantum
525 1631 624 1673 cansa
646 1611 761 1693 agitur,
787 1609 845 1672 sed
860 1608 1006 1693 publiea3
1030 1611 1172 1673 omnium
1194 1611 1327 1673 interest

124 1716 218 1796 scire,
242 1714 313 1797 quis
337 1715 376 1776 sit
398 1712 598 1777 fortissimus
631 1713 680 1776 his
703 1713 840 1778 vocibus
863 1713 1028 1777 hominum
1049 1716 1165 1777 missus
1189 1736 1261 1777 sum
1284 1712 1327 1777 ad

73 1835 103 1879 15
123 1817 156 1880 id
181 1828 356 1900 certamen,
383 1819 417 1880 in
440 1840 503 1902 quo
531 1817 574 1882 ad
597 1820 693 1882 istum
714 1828 852 1903 utraque
875 1819 1051 1904 pertineret
1072 1820 1216 1883 victoria.
1249 1817 1327 1904 quid

123 1924 242 2006 putatis
266 1943 317 1984 me
342 1921 529 1985 dicturum?
551 1922 716 1987 fortiorem
738 1945 790 1986 me
805 1922 936 1987 visum?
958 1923 1075 1987 falsum
1092 1933 1150 2007 est,
1175 1945 1249 1987 eum
1265 1922 1327 1986 hoe

124 2048 262 2111 (proque,
287 2025 374 2110 quod
398 2048 458 2111 ego
480 2026 570 2091 fortis
593 2025 602 2113 00
625 2049 725 2110 eram,
748 2029 839 2091 istius
863 2036 955 2091 esset.
988 2026 1066 2113 quid
1095 2027 1193 2113 ergo?
1226 2049 1326 2112 qnare

122 2133 267 2214 uicerim,
296 2130 473 2215 quaeritis?
500 2133 607 2195 visum
630 2139 678 2195 est
700 2130 743 2194 ad
766 2131 918 2196 ruborem
940 2134 1036 2196 totius
1059 2133 1232 2196 iuventutis
1255 2153 1324 2216 per·

121 2237 234 2318 tinere,
257 2237 420 2298 neminem
442 2257 605 2320 pugnasse
628 2236 741 2299 fortius
765 2258 862 2320 quam
885 2258 1004 2300 senem.
1038 2245 1069 2300 et
1093 2258 1167 2299 enm
1191 2235 1326 2299 dixisset

70 2355 103 2400 re
123 2361 157 2402 se
180 2341 326 2424 praemia
341 2341 374 2402 in
389 2349 516 2424 patrem
532 2340 713 2423 contulisse,
738 2339 836 2403 dixit:
860 2341 924 2403 vici
939 2349 981 2422 te,
1005 2349 1108 2424 pater,
1132 2339 1191 2403 sed
1206 2362 1324 2425 nempe

121 2445 185 2506 vici
208 2443 275 2506 tibi.
307 2442 469 2507 Annvcrvs
492 2443 554 2507 hoe
579 2444 684 2508 colore
707 2447 867 2508 narravit:
891 2444 988 2527 nolui,
1011 2446 1123 2529 inquit,
1146 2443 1251 2507 videri
1265 2466 1325 2528 per
1349 2442 1380 2505 1·

122 2547 328 2611 collusionem
351 2549 434 2633 patri
457 2549 583 2613 titulum
602 2549 765 2613 fortissimi
779 2550 840 2611 viri
857 2550 1046 2632 contigisse:
1070 2571 1134 2612 000
1151 2549 1233 2611 cessi
1249 2556 1324 2612 ante

120 2650 290 2734 iudicium,
318 2654 408 2715 utin
430 2651 550 2715 indicio
574 2652 740 2735 cederem,
769 2662 801 2716 et
827 2652 890 2715 feei
916 2651 994 2715 nihil
1021 2651 1108 2716 alind
1136 2674 1233 2737 quam
1258 2651 1324 2716 lau-

122 2753 197 2816 davi
220 2765 357 2839 patrem,
380 2757 515 2819 virtutes
539 2758 607 2819 eius
630 2756 754 2839 rettuli,
777 2760 867 2819 visus
887 2778 958 2820 sum
980 2765 1113 2841 propter
1134 2756 1196 2820 hoe
1218 2757 1325 2841 ipsum

68 2875 101 2922 ‘25
121 2860 264 2943 praemio
281 2857 407 2943 dignus
432 2859 508 2923 Sne
533 2859 656 2924 (lnvrvs
679 2861 740 2924 ait:
764 2859 891 2923 solebas
914 2859 1002 2944 mihi,
1025 2870 1128 2945 pater,
1150 2862 1324 2945 insignium
1349 2860 1380 2923 1’

210 3037 255 3082 01)
284 3038 295 3082 1
316 3032 431 3100 aceepit]
450 3040 487 3097 113
506 3035 606 3100 aeeipit
625 3038 649 3083 0
668 3032 676 3102 00
694 3036 710 3084 3
728 3036 842 3085 inuente
855 3040 905 3084 AB
924 3034 932 3103 Ἰ
951 3037 968 3084 4
986 3036 1049 3084 forti
1062 3033 1130 3101 viro]
1150 3042 1208 3098 1)το
1227 3035 1323 3084 fortius

121 3120 232 3184 (tercius
251 3120 288 3185 A)
307 3122 366 3169 niro
385 3124 490 3171 010000.
510 3126 531 3171 G
554 3120 562 3189 00
585 3122 601 3171 5
620 3122 720 3171 obiecit
737 3128 762 3170 D
781 3120 789 3189 ,0
806 3124 835 3171 in
853 3120 918 3189 una]
937 3122 989 3184 13⁸,-
1013 3137 1080 3171 nura
1098 3127 1149 3170 AB
1172 3136 1227 3171 una
1245 3126 1296 3169 VD
1314 3117 1323 3189 00

120 3214 135 3256 o
159 3209 298 3257 cessissem
322 3223 370 3272 per
392 3214 443 3257 AB
472 3208 480 3275 0
507 3211 523 3259 8
547 3208 677 3259 caedebat
695 3214 722 3257 V
745 3209 871 3259 credebat
893 3210 928 3257 D¹
956 3206 964 3277 0
992 3225 1045 3258 000
1071 3207 1130 3274 ege]
1156 3223 1226 3273 nego
1245 3213 1296 3257 AB
1315 3206 1324 3275 00

119 3299 134 3342 9
158 3295 241 3343 husus
260 3301 286 3343 A
309 3296 384 3345 uisus
407 3296 427 3360 (i
451 3295 510 3357 del.)
531 3301 555 3344 B
582 3292 591 3363 00
620 3297 652 3346 10
674 3296 787 3346 caedere
806 3301 832 3343 V
855 3294 863 3364 00
885 3296 1007 3345 dicer-ant
1028 3301 1052 3344 B
1080 3294 1088 3363 00
1115 3295 1192 3345 nobis
1216 3293 1323 3359 (10009,

115 3388 174 3449 pert
192 3382 275 3431 licere
292 3389 393 3447 trenap.
409 3383 447 3433 Ga
466 3380 474 3448 0
494 3386 523 3432 11
544 3383 748 3433 saluberrimum
760 3389 789 3432 A
806 3381 815 3451 00
833 3383 1008 3448 disputaturis
1020 3388 1047 3431 V
1064 3383 1183 3448 disputat
1194 3382 1260 3431 iuris
1272 3387 1297 3429 D
1315 3378 1324 3447 10

121 3471 151 3517 12
166 3468 277 3518 dicturis
290 3474 317 3517 V
329 3470 426 3518 dicturi
439 3468 586 3533 (salntem)
598 3476 622 3518 D
641 3467 649 3538 00
670 3473 702 3519 14
714 3471 748 3520 iis
760 3476 784 3518 D
803 3468 812 3537 00
829 3471 926 3520 missus
938 3468 1007 3537 sum]
1020 3471 1130 3519 missum
1146 3473 1169 3517 0
1188 3465 1196 3536 00
1217 3470 1248 3517 15
1255 3468 1323 3532 fort.

118 3557 260 3621 utriusque
279 3553 344 3623 10100
365 3557 546 3606 1811incerim
565 3562 591 3604 V
609 3556 617 3611 'l
636 3573 714 3607 usum
732 3564 760 3606 A
778 3556 786 3625 0
804 3558 925 3608 roborem
944 3563 971 3606 V
987 3554 996 3624 00
1019 3559 1053 3605 20
1071 3554 1183 3622 patrem]
1204 3561 1281 3621 patre
1299 3559 1324 3605 0

118 3661 184 3693 corr.
197 3643 235 3692 D²
258 3644 261 3709 0
280 3646 312 3692 21
326 3644 445 3693 albutius
458 3649 509 3693 AD
529 3642 537 3712 00
555 3643 640 3711 nolui]
660 3645 712 3707 Be,-
730 3645 818 3695 noluit
831 3650 855 3695 0
873 3642 882 3713 0
901 3648 933 3695 23
951 3647 979 3694 in
992 3662 1039 3694 om.
1052 3650 1078 3693 A
1097 3641 1106 3711 00
1124 3643 1263 3694 caederem
1277 3648 1304 3691 V
1315 3639 1324 3710 00

118 3736 146 3781 00
159 3730 223 3796 feci]
238 3730 314 3780 effeci
328 3737 428 3780 AVDe
446 3730 518 3781 effici
530 3737 578 3781 ΒΨ
591 3729 599 3800 00
611 3747 692 3797 quam
705 3735 744 3783 bie
755 3750 804 3783 ser.
818 3738 868 3781 AB
887 3730 897 3801 0
914 3735 947 3781 24
960 3738 1050 3797 patres
1063 3737 1086 3780 B
1103 3729 1216 3797 0000010
1227 3726 1343 3787 mm&

118 3821 151 3868 25
172 3819 229 3882 sige
247 3818 327 3882 gaius
345 3824 372 3867 V
387 3816 398 3887 0
415 3817 573 3889 insignium]
593 3819 649 3886 He3
668 3820 826 3889 indignium
847 3826 900 3871 AB
914 3820 1040 3883 ’10010000
1050 3812 1289 3877 000000κοοὈ
1307 3845 1355 3872 ..-
