2760 4110
552 145 766 195 PRAEFATIO.
1065 133 1259 191 XXXVIIII

52 299 158 364 ducta
181 311 215 363 et
244 301 276 362 in
306 322 406 363 unum
433 298 540 364 locum
567 300 701 364 collecta
723 303 867 365 invenire
890 310 1018 386 gratum
1039 301 1171 364 forsitan
1193 323 1258 364 non

51 405 180 468 nemini
210 405 250 467 sit
279 402 429 468 futurum.
462 427 504 468 ex
527 404 565 467 iis
597 415 713 487 autem,
745 427 879 490 quorum
909 406 1077 490 incognitis
1107 403 1150 468 ad
1179 403 1258 467 illud

52 509 212 593 temporis
242 506 518 571 emendationibus
540 508 594 571 vel
616 509 773 573 Bursiano
800 509 852 573 vel
875 508 1069 593 Kiesslingio
1092 509 1138 572 uti
1159 507 1256 590 licuit,

53 615 201 676 maxime
224 611 410 676 nominandi
441 621 526 676 sunt:
550 613 604 676 Fr.
629 613 749 696 Haase,
772 612 811 677 Ο.
827 613 925 696 Jahn,
941 613 981 676 N.
999 611 1144 696 Madvig,
1165 610 1200 676 Ο.
1218 611 1255 675 F.

55 717 112 781 W.
138 716 270 798 Mtiller,
299 715 338 780 Ο.
366 716 532 799 Ribbeck,
563 717 617 781 W.
642 718 797 802 Wagner.
832 740 917 782 nova
944 740 1002 801 per
1029 716 1151 780 litteras
1180 714 1257 778 mihi

56 821 396 885 subministraverunt:
420 820 457 884 F.
473 820 611 904 Becher,
628 821 672 885 M.
684 821 819 904 Bonnet,
844 822 897 886 W.
914 821 1015 903 Diels,
1036 819 1075 883 A.
1093 818 1194 901 Floss,
1211 818 1255 882 M.

57 924 105 989 cl.
124 925 236 1007 Gertz,
256 925 294 989 R.
310 925 476 1008 Heinrich,
497 924 542 989 M.
559 926 670 1008 Hertz,
690 925 730 990 A.
748 925 880 1008 Kohler,
902 925 938 988 F.
960 924 1070 1007 Kuhn,
1091 924 1123 988 S.
1140 921 1257 1005 Linde,

56 1028 97 1091 N.
115 1027 262 1112 Madvig,
279 1027 318 1092 Ο.
331 1029 565 1113 Morgenstern,
582 1030 620 1093 R.
633 1029 762 1111 Novak,
778 1028 818 1093 A.
832 1027 917 1111 Ono,
933 1027 978 1092 M.
991 1026 1195 1109 Petschenig,
1211 1025 1255 1088 M.

57 1131 196 1214 Sander,
215 1131 249 1196 C.
264 1131 418 1215 Schenkl,
436 1132 489 1196 W.
503 1131 715 1216 Studemund,
731 1133 769 1196 E.
786 1132 936 1215 Thomas,
952 1133 994 1195 H.
1007 1132 1143 1212 Vsener,
1160 1131 1200 1194 V.
1215 1129 1256 1192 de

57 1235 519 1300 WilamowitzMoellendorf.
556 1259 666 1301 eorum
695 1247 812 1320 autem,
849 1258 928 1322 quos
958 1235 1053 1300 modo
1083 1235 1256 1315 nominavi,

59 1342 178 1425 optime
215 1342 354 1405 omnium
391 1340 431 1404 de
467 1340 515 1405 his
546 1344 649 1425 operis
683 1340 853 1405 Annaeani
883 1341 1024 1427 reliquiis
1054 1345 1253 1403 meruerunt:

56 1443 283 1508 Fridericus
309 1445 448 1528 Haase,
480 1446 544 1529 qui,
568 1447 732 1530 cumipse
756 1446 829 1509 olim
859 1468 914 1508 eas
946 1442 1064 1508 edendi
1092 1441 1256 1506 eonsilium

57 1550 206 1632 agitaret,
231 1549 430 1613 coniecturas
453 1551 677 1633 sagacissimas
706 1551 843 1634 margini
870 1548 1044 1613 editionum
1065 1548 1256 1631 Bipontinae

57 1662 90 1716 et
119 1651 297 1736 Lipsiensis
326 1652 476 1716 Bursiani
505 1651 675 1738 adscripsit
709 1652 844 1738 (primus
878 1674 934 1716 eas
964 1650 1093 1737 protulit
1118 1649 1256 1713 Adolfus

57 1754 233 1839 Kiessling,
258 1777 395 1840 quocum
417 1756 504 1841 quod
526 1757 639 1821 Haasii
660 1757 737 1821 lima
752 1759 835 1821 intra
850 1759 989 1841 priorem
1005 1757 1109 1840 operis
1132 1763 1256 1839 partem

57 1860 198 1924 substitit
213 1861 283 1945 quis
298 1881 362 1923 non
379 1859 535 1946 doleat?);
557 1861 592 1926 C.
610 1861 646 1926 F.
665 1862 717 1926 W.
735 1861 883 1943 Mtiller,
900 1863 963 1946 qui,
980 1883 1044 1944 qua
1060 1870 1108 1923 est
1119 1860 1255 1922 Latinae

55 1964 187 2049 linguae
211 1966 353 2048 scientia,
377 1987 531 2050 magnum
552 1965 742 2030 mendorum
764 1988 942 2048 numerum,
974 1987 1056 2050 quae
1079 1964 1256 2027 Bursianus

56 2091 123 2133 non
152 2080 374 2153 perspexerat,
410 2079 442 2133 et
476 2079 589 2154 argute
625 2069 747 2134 detexit
782 2079 814 2134 et
843 2069 929 2133 facili
959 2070 1085 2153 negotio
1117 2065 1254 2147 sustulit3

56 2171 242 2236 Nicolaus
265 2171 432 2257 Madvig,
461 2175 514 2259 qui
538 2196 658 2256 omnes,
683 2197 762 2259 quas
782 2176 816 2237 in
831 2174 930 2238 altero
945 2173 1107 2237 volumine
1130 2170 1255 2234 Adver-

57 2277 216 2340 sariorum
237 2277 418 2340 criticorum
439 2280 657 2362 propositurus
681 2288 758 2361 erat,
789 2278 1028 2342 emendationes
1050 2275 1255 2358 Kiesslingio,

57 2380 137 2444 alias
145 2379 172 2465 1)
195 2379 273 2443 mihi
295 2383 485 2464 transmisit3
509 2381 552 2445 M.
578 2381 624 2446 Cl.
650 2382 775 2464 Gertz,
805 2385 858 2467 qui
886 2381 926 2445 de
950 2379 1180 2466 permultorum
1202 2376 1256 2440 vel

56 2483 291 2548 vocabulorum
315 2484 369 2547 vel
393 2487 627 2550 enuntiatorum
650 2489 845 2550 corrcetione
868 2509 926 2570 per
952 2484 1074 2548 litteras
1097 2505 1148 2546 me
1173 2503 1255 2550 eom·

56 2588 232 2653 monefecit
247 2599 278 2652 et
293 2611 405 2653 veram
420 2612 472 2653 me
488 2589 618 2674 quidem
633 2590 739 2655 iudice
754 2593 945 2675 scripturam
960 2612 1024 2652 non
1045 2589 1155 2673 paucis
1177 2586 1255 2648 locis

56 2693 204 2756 restituit.
229 2694 282 2776 qui
304 2695 366 2756 viri
389 2692 473 2757 docti
489 2715 586 2778 quam
600 2695 736 2758 feliciter
758 2698 790 2758 in
806 2696 966 2779 scriptoris
983 2694 1125 2756 oratione
1149 2712 1254 2754 emen-

58 2795 169 2860 danda
198 2799 318 2860 versati
340 2799 411 2879 sint,
434 2819 499 2860 non
521 2808 579 2881 est,
612 2798 698 2883 quod
721 2821 780 2882 ego
804 2797 920 2880 dieam,
952 2820 1026 2861 eum
1048 2796 1136 2860 nulla
1162 2794 1256 2858 huius

57 2899 207 2965 editionis
229 2903 349 2985 pagina
371 2901 546 2986 praeclaris
570 2924 679 2967 eorum
703 2913 812 2967 careat
835 2905 1030 2967 commentis.

161 3005 283 3088 Restat,
307 3015 342 3069 ut
372 3006 412 3069 de
442 3008 513 3091 ipsa
542 3017 715 3091 apparatus
743 3009 843 3071 critici
865 3010 987 3072 ratione
1015 3001 1046 3070 et
1068 3004 1256 3069 condicione

56 3111 170 3196 paucis
207 3132 376 3195 exponam.
413 3133 452 3174 ac
487 3113 628 3175 maxime
663 3134 736 3176 mea
773 3111 915 3175 interfuit
952 3111 1185 3196 diligenterque
1222 3105 1256 3168 id

57 3215 192 3278 efficere
208 3213 324 3297 studui,
341 3225 375 3279 ut
386 3214 577 3280 editionibus
590 3214 926 3301 dissertationibusque
942 3215 1149 3300 pervolutatis
1163 3231 1256 3275 suum

58 3321 175 3402 cuique
191 3318 367 3382 tribuerem
380 3320 443 3402 vel,
460 3320 487 3383 si
502 3341 581 3404 opus
598 3331 690 3402 esset,
706 3319 886 3383 redderem.
904 3318 1019 3383 multas
1033 3320 1117 3381 enim
1134 3318 1255 3380 conice·

166 3493 185 3556 ¹)
204 3492 357 3558 Madvigius
376 3494 537 3559 excorpsbat
559 3495 714 3545 etiamnunc
737 3495 983 3544 animadversiones
1002 3497 1116 3557 criticas,
1142 3510 1209 3558 quas
1227 3497 1255 3544 in

57 3578 208 3644 exemplari
227 3595 275 3628 suo
294 3579 419 3630 editionis
437 3581 599 3646 Bipontinae
622 3588 686 3632 ante
709 3581 809 3631 multos
831 3597 916 3631 annos
939 3583 1085 3647 adscriptas
1108 3582 1142 3632 ad
1166 3583 1254 3631 Kiess-

56 3667 175 3733 lingium
198 3682 253 3715 non
276 3668 379 3718 misisse
403 3667 551 3731 videbatur,
576 3684 637 3719 cum
660 3670 688 3719 in
712 3670 833 3720 morbum
857 3670 982 3735 delapsus
1005 3678 1053 3734 est,
1078 3686 1182 3735 exque
1202 3687 1256 3720 non

57 3752 206 3805 convaluit.
226 3768 296 3817 quae
314 3754 419 3819 reliqua
437 3762 514 3806 erant
532 3758 560 3805 in
579 3771 668 3806 meum
688 3773 766 3807 usum
784 3759 905 3808 enotavit
924 3757 1055 3809 Gertzius.
