2760 4110
65 198 92 246 p.
112 184 143 231 51
164 181 198 232 Κ.
609 185 633 245 r,
654 185 729 233 1-a.
1206 169 1269 234 577

67 342 175 403 iacere
198 363 241 402 an
265 361 339 402 cum
361 338 411 402 his
425 337 560 403 vivere?
582 361 640 424 pro
656 362 720 403 uno
743 338 872 404 homine
890 342 1016 407 iactura
1038 342 1170 428 publica
1184 346 1268 429 paci·

67 445 176 506 sceris.
202 445 267 506 scio
284 464 378 507 omne
399 444 539 527 pretium
559 443 705 527 iniquum
728 464 809 526 esse,
833 442 921 528 quod
936 443 988 508 ille
1005 449 1181 512 constituit:
1205 470 1270 511 non

67 570 139 610 emo
162 549 243 610 tanti
267 546 431 610 Ciceronis
454 548 565 629 vitam,
581 545 590 632 ΗΗ
606 548 717 631 quanti
740 546 852 610 vendit
867 547 1036 613 Antonius
1062 552 1088 613 si
1104 550 1189 614 hanc
1212 552 1270 616 tibi

64 654 247 737 pactionem
262 651 375 715 ferret:
391 653 493 734 vives,
509 650 569 714 sed
585 662 738 715 eruentur
750 651 833 715 oculi
848 651 917 735 tibi,
932 655 1034 737 vives,
1050 655 1109 718 sed
1126 655 1270 721 debilita-

23 781 42 826 5
65 756 187 820 buntur
207 755 323 841 pedes:
348 758 473 820 etiamsi
495 758 528 819 in
551 755 614 819 alia
638 755 757 820 damna
782 758 926 841 corporis
946 768 1129 842 praestares
1149 762 1269 844 patien-

64 863 154 943 tiam,
170 862 356 945 excepisses
376 870 485 924 tamen
504 859 657 944 linguam.
677 860 736 923 ubi
756 870 804 924 est
824 882 918 925 sacra
937 861 991 925 illa
1006 884 1073 925 vox
1093 872 1161 927 tua:
1179 867 1269 928 ‘mon'

65 966 151 1027 enim
163 973 298 1028 naturae
310 965 382 1028 finis
399 975 456 1048 est,
473 986 537 1028 non
549 964 686 1049 poena'?
703 964 765 1028 hoc
780 965 838 1028 tibi
850 967 905 1028 uni
920 988 985 1030 non
999 966 1121 1052 liquet?
1137 978 1170 1031 at
1181 968 1269 1032 vide-

63 1071 108 1131 ris
124 1066 264 1132 Antonio
285 1070 494 1155 persuasisse.
515 1068 630 1132 adsere
646 1078 678 1132 te
697 1071 802 1153 potius
817 1069 958 1134 libertati
978 1079 1010 1134 et
1025 1093 1125 1134 unum
1147 1073 1270 1136 crimen

63 1174 192 1235 inimico
212 1172 321 1236 adice:
345 1173 398 1236 fac
418 1172 584 1236 moriendo
603 1172 780 1237 Antonium
799 1175 1027 1238 nocentiorem.
1048 1174 1085 1238 P.
1103 1176 1268 1239 Asnaum·
1291 1179 1313 1240 4

10 1299 40 1347 ro
64 1300 123 1340 ms
140 1277 186 1340 Vt
201 1277 360 1340 Antonius
377 1276 524 1341 Ciceroni
540 1286 665 1361 parcat,
681 1276 796 1341 Cicero
812 1279 844 1340 in
861 1276 1076 1363 eloquentiam
1091 1301 1183 1343 suam
1198 1281 1268 1365 ipse

62 1380 320 1444 animadvertet?
344 1381 421 1466 quid
445 1391 553 1444 autem
575 1380 634 1445 tibi
657 1380 716 1444 sub
738 1383 800 1444 ista
821 1383 970 1466 pactione
992 1382 1207 1467 promittitur?
1233 1395 1269 1447 ut

63 1483 121 1548 Cn.
139 1485 312 1569 Pompeius
333 1494 365 1549 et
384 1485 429 1548 M.
453 1483 532 1568 Cato
553 1494 585 1548 et
603 1484 655 1548 ille
678 1486 827 1569 antiquos
846 1487 1032 1550 restituatur
1050 1488 1098 1549 rci
1117 1486 1273 1571 publicae,

62 1599 208 1672 senatus,
230 1589 436 1674 dignissimus
460 1589 548 1674 apud
570 1611 666 1673 quem
686 1588 801 1653 Cicero
823 1589 1029 1674 loqueretur?
1052 1590 1168 1654 multos
1192 1614 1267 1655 care

60 1695 202 1757 victuros
218 1695 316 1756 animi
333 1695 382 1756 sui
395 1702 596 1779 contemptus
613 1695 785 1779 oppressit,
801 1694 917 1757 multos
932 1696 1092 1779 perituros
1106 1697 1212 1780 parati
1222 1694 1266 1759 ad

10 1819 33 1867 5
59 1797 265 1882 pereundum
284 1798 383 1860 animi
397 1799 468 1882 ipsa
487 1796 656 1861 admiratio
677 1798 794 1882 eripuit
813 1807 845 1861 et
861 1819 960 1861 causa
978 1797 1040 1861 illis
1054 1799 1187 1862 vivendi
1206 1799 1267 1863 fuit

57 1903 183 1966 fortiter
198 1903 279 1964 mori
290 1899 380 1963 celle.
400 1903 550 1987 permitte
566 1901 683 1987 populo
698 1901 843 1965 Romano
861 1911 972 1965 contra
983 1901 1160 1966 Antonium
1174 1902 1266 1986 polli-

60 2008 136 2069 ceri.
158 2007 277 2090 scripta
298 2014 357 2066 tuo
377 2005 408 2066 ai
428 2004 654 2088 combusseris,
674 2004 834 2069 Antonius
854 2028 976 2091 paucos
995 2028 1097 2070 annos
1117 2005 1176 2070 tibi
1193 2029 1265 2092 pro·

57 2112 169 2174 mittit:
187 2119 230 2193 at,
247 2110 274 2171 si
289 2130 354 2172 non
371 2108 598 2192 combusseris,
613 2131 705 2172 amor
719 2109 830 2193 populi
843 2110 982 2173 Romani
998 2132 1117 2175 omnes.
1139 2111 1265 2173 Pournr
1287 2114 1308 2177 Ξ)

59 2214 198 2279 Sinonis.
217 2212 321 2292 Quale
334 2223 392 2296 est,
401 2212 620 2298 utperdamus
631 2212 844 2298 eloquentiam
854 2213 1028 2296 Ciceronis,
1041 2214 1140 2278 fidem
1153 2237 1264 2299 sequa-

148 2410 195 2455 GD
215 2408 227 2453 1
242 2402 293 2471 his]
307 2403 381 2466 B²D3
401 2404 423 2453 is
436 2404 499 2453 ABl
518 2405 551 2452 iis
564 2409 590 2451 V
608 2402 617 2472 ΗΗ
635 2405 731 2453 2scito
746 2402 812 2469 Sclip
830 2402 839 2471 ΗΗ
859 2419 964 2453 omnem
978 2412 1005 2454 A
1025 2403 1032 2472 ΗΗ
1052 2403 1119 2470 esse]
1135 2419 1179 2453 ese
1192 2411 1244 2454 AB
1258 2410 1266 2473 Η

57 2509 114 2543 non
138 2491 207 2558 emo]
233 2493 300 2554 Kea-
323 2506 402 2541 nemo
422 2496 445 2540 Ο
469 2488 477 2557 ΗΗ
500 2493 515 2539 3
540 2491 642 2555 (nemo)
662 2493 731 2540 tanti
750 2493 846 2553 (emit)
864 2498 888 2540 D
909 2494 963 2556 (vy)
988 2489 996 2558 Η
1020 2491 1128 2540 4οοιι11
1147 2509 1212 2541 corr.
1231 2509 1264 2542 ea

57 2580 138 2630 oculo
158 2586 181 2628 B
200 2577 209 2647 ΗΗ
227 2579 404 2628 debilitantur
423 2583 444 2628 O
466 2576 474 2645 ΗΗ
499 2579 620 2642 6<non>
639 2584 730 2628 tamen
750 2580 815 2642 (non
835 2577 893 2641 del.)
913 2585 939 2627 A
958 2576 966 2644 Η
993 2578 1044 2628 Cic.
1059 2597 1089 2643 p.
1109 2579 1165 2628 Mil.
1184 2581 1234 2627 101
1255 2577 1264 2646 ΗΗ

58 2665 216 2732 inaturae]
240 2666 334 2728 13²Dc;
363 2671 467 2714 mature
491 2669 512 2714 G
536 2663 543 2731 Η
566 2680 653 2730 paena
671 2671 698 2713 A
721 2663 729 2731 ΗΗ
752 2667 767 2713 8
791 2665 899 2714 liberati
922 2671 949 2713 A
977 2664 1045 2714 liber
1068 2665 1104 2714 D¹
1132 2662 1140 2732 Η
1167 2664 1263 2732 unum]

57 2769 160 2803 novum
186 2754 215 2802 0.
235 2752 347 2802 Ribbeck
365 2749 374 2819 ΗΗ
394 2755 423 2800 ll
444 2749 505 2816 ista]
525 2751 576 2800 hac
594 2757 619 2800 D
637 2749 645 2816 Η
667 2754 697 2799 12
717 2752 844 2816 antiquus
862 2750 989 2799 A²B²VD
1012 2750 1020 2818 ΗΗ
1045 2753 1077 2800 13
1100 2749 1172 2818 care]
1198 2751 1264 2818 Seby

58 2844 99 2903 (ut
117 2843 150 2889 ait
170 2861 200 2881 =
221 2857 280 2888 care
297 2842 378 2888 citam
396 2844 537 2902 earptaror,·
555 2839 589 2901 rs.
608 2855 638 2902 p.
658 2840 719 2898 581,
737 2841 781 2899 2)‚·
804 2852 865 2886 eare
886 2842 909 2886 Ο
928 2855 975 2886 om.
994 2837 1048 2888 cod.
1068 2838 1148 2889 Vatia.
1168 2837 1264 2889 Scirotti

58 2930 123 2992 (vy),
147 2929 175 2976 in
198 2941 281 2976 arena
306 2926 435 2987 0.Ja1m,
458 2940 539 2990 saepe
562 2926 631 2988 Kar,
654 2939 748 2974 secure
775 2924 804 2974 Ο.
824 2923 945 2986 Ribbeck,
965 2925 1033 2988 fort.
1052 2925 1153 2974 *beate
1180 2925 1237 2974 Otto
1255 2926 1264 2993 ΗΗ

59 3017 92 3062 14
111 3012 162 3079 sui]
182 3013 274 3078 pusilli
293 3014 334 3062 Ml
350 3011 429 3076 (qaod
442 3014 630 3077 probaverim),
642 3013 710 3075 fort.
723 3012 814 3060 miseri
826 3011 882 3060 Kar
899 3009 908 3079 ΗΗ
928 3014 959 3061 15
977 3009 1071 3077 animi]
1092 3012 1174 3060 adimi
1191 3011 1264 3080 ΑΒΗ

57 3098 165 3166 eripuit]
186 3101 220 3164 cf.
244 3099 294 3150 Cic.
313 3103 343 3148 in
365 3098 436 3149 Clod.
455 3098 528 3164 apud
548 3099 635 3159 Quint.
654 3101 679 3161 8,
693 3102 766 3160 6,56
783 3095 791 3165 Η
811 3100 842 3147 16
861 3095 953 3147 *velle
966 3097 1028 3148 odd.
1043 3098 1083 3146 Ml
1100 3096 1107 3164 ΗΗ
1125 3097 1261 3164 permitte]

56 3188 183 3254 permitte
202 3187 261 3250 <te>
278 3204 318 3251 op,
342 3187 469 3250 promitte
492 3188 540 3247 (ric
558 3186 624 3247 Koa)
649 3187 688 3235 cei
710 3186 842 3250 promittit
866 3184 992 3250 (populus
1015 3183 1162 3250 Romanus)
1187 3183 1262 3250 Sebp,

55 3275 214 3338 repromitte
232 3272 326 3323 Vaeaer
343 3270 352 3340 ΗΗ
370 3270 503 3338 polliceri]
525 3272 630 3335 Noublc3
649 3272 765 3333 liceto,
785 3271 867 3322 licere
886 3273 940 3335 (si)
959 3270 1052 3333 Scitote,
1072 3270 1262 3335 (Antonium.)

56 3361 122 3410 licet
146 3361 200 3411 Vea
219 3360 293 3421 (Kar,
317 3359 433 3421 Vaeaer),
457 3359 533 3408 liceri
555 3360 609 3423 <si>
635 3359 681 3420 Gz,
698 3360 765 3422 fort.
785 3359 966 3423 (Antonium.)
986 3359 1090 3407 scilicet
1109 3359 1163 3421 <si>
1181 3358 1235 3407 Kar
1254 3357 1262 3426 ΗΗ

58 3450 90 3497 17
110 3454 158 3496 tua
176 3446 239 3495 add.
259 3444 325 3511 Sebp
342 3449 371 3495 ia
390 3447 503 3495 taumate
526 3444 534 3513 Η
557 3445 602 3494 ÷*si
620 3446 666 3494 hoc
684 3447 733 3494 loeo
751 3445 814 3494 add.
838 3444 846 3513 ΗΗ
869 3445 1025 3494 conbuseris
1042 3450 1092 3492 AB
1111 3441 1120 3512 ΗΗ
1140 3446 1171 3492 18
1191 3460 1261 3493 eom·

55 3535 160 3584 buseris
178 3538 229 3581 AB
248 3530 256 3600 ΗΗ
275 3530 379 3598 *amorl
400 3547 481 3596 quam
500 3536 523 3580 Ο
543 3531 591 3581 del.
608 3531 655 3594 A2,
673 3549 721 3581 ortt.
742 3530 827 3581 Srbott
845 3535 909 3597 (op),
928 3531 1000 3580 fama
1017 3531 1067 3592 He,
1087 3531 1195 3580 fortuna
1213 3531 1262 3592 Ml,

54 3622 144 3686 gratia
158 3620 188 3669 0.
201 3619 321 3680 Ribbeck,
340 3621 424 3668 vitam
438 3622 456 3683 Η.
471 3656 478 3668 .
493 3657 498 3668 .
512 3621 630 3682 omnem)
644 3621 683 3680 (at
696 3621 728 3668 ait
743 3641 773 3660 =
787 3635 858 3668 omrae
876 3617 940 3668 illud
958 3635 1056 3679 aeorum,
1070 3634 1121 3682 per·
1133 3617 1200 3680 quod
1212 3621 1261 3666 erit

50 3709 165 3775 popolus
184 3706 327 3766 Romanoa)
346 3705 448 3767 Vaeaer,
461 3707 528 3770 fort.
547 3706 661 3770 spondet
676 3705 802 3771 (populus
814 3705 962 3770 Romanus)
975 3704 1037 3765 Kar,
1056 3718 1151 3752 aevom
1166 3703 1259 3768 (popu-

55 3795 99 3844 lus
109 3794 247 3843 Romanus
262 3793 351 3854 omne)
367 3792 405 3843 (ἔκ
417 3790 426 3860 ΗΗ
438 3792 554 3857 populus
564 3793 703 3842 Romanus
714 3791 799 3842 Selrott
809 3795 863 3858 (op)
877 3790 888 3860 Η
899 3795 930 3841 19
941 3789 1036 3856 qualel
1048 3791 1115 3853 sort.
1126 3806 1213 3853 grase
1224 3789 1268 3835 (32

109 3887 190 3926 Seneca
204 3886 283 3924 rhetor.
1087 3875 1125 3917 Ὢ
