2760 4110
96 174 196 230 XIIII
584 183 797 235 PRAEFATIO.

198 356 229 421 ἶ).
254 356 368 420 Codex
383 357 594 440 Brugensis
611 356 686 442 (Br)
701 355 915 420 bibliothecae
938 359 1046 442 regiae
1070 359 1293 425 Bruxeliensis

95 485 142 525 nr.
153 460 237 524 9768
250 460 526 543 membranaceus,
541 462 595 545 qui
608 460 735 524 saeculo
746 461 812 524 XV
820 470 972 525 exaratus
985 470 1070 526 etex
1083 465 1151 547 ipso
1161 464 1293 548 quidem

94 574 131 647 V,
156 567 342 650 priusquam
358 566 545 628 correctoris
560 587 692 629 manum
715 574 888 650 pateretur,
913 565 1092 650 descriptus
1108 567 1204 655 est1).
1230 572 1292 634 iam

98 692 172 733 cum
196 679 357 732 corrector
380 667 499 732 codicis
518 677 545 731 'P
561 668 719 753 permulta
742 669 794 732 vel
816 668 976 732 vocabula
998 670 1051 733 vel
1073 671 1218 756 syllabas
1241 674 1292 738 vel

94 772 217 836 litteras
240 775 284 836 ita
307 775 448 855 eraserit,
472 781 508 836 ut
528 772 624 836 hodie
646 772 710 856 legi
733 775 789 836 vix
812 774 942 857 possint,
974 773 1092 838 codicis
1114 776 1292 862 Brugensis

95 876 214 939 auxilio
237 876 449 960 Kicsshngius
476 879 614 961 priorem
637 876 783 940 Toletani
811 879 1002 961 scripturam
1029 878 1144 944 elicuit.
1174 904 1234 946 nos
1261 885 1292 946 in

94 980 209 1044 eodem
232 983 358 1065 negotio
382 980 526 1045 codicem
549 988 581 1041 V
603 980 807 1044 adhibuimus
831 1004 968 1066 eumque
992 986 1102 1060 secuti,
1126 985 1205 1069 quid
1225 987 1291 1051 ubi-

94 1106 156 1170 que
179 1086 324 1169 primitus
347 1087 380 1149 in
402 1094 429 1148 'I'
452 1088 606 1170 scriptum
628 1085 736 1167 fuerit,
766 1086 792 1148 si
815 1107 879 1148 non
902 1085 1062 1168 omnibus
1089 1096 1122 1150 at
1147 1088 1291 1173 plurimis

94 1189 170 1251 locis
194 1191 376 1274 perspicere
399 1191 568 1273 potuimus.

196 1293 235 1356 ln
257 1292 526 1377 recognoscendis
550 1292 693 1357 Senecae
716 1293 805 1356 libris
828 1293 947 1357 codicis
962 1294 1138 1378 Brugensis
1163 1301 1290 1362 omnino

92 1397 198 1461 nullus
221 1421 299 1462 usus
323 1408 384 1480 est3
415 1400 522 1483 itaque
555 1397 802 1483 discrepantiam
834 1401 901 1462 eius
931 1401 964 1463 in
993 1411 1150 1485 apparatu
1181 1405 1290 1467 critico

94 1524 213 1586 ponere
236 1501 446 1587 supersedii).
471 1524 531 1566 nec
555 1501 625 1586 plus
648 1501 854 1566 tribuendum
877 1525 947 1567 csse
971 1503 1073 1568 codici
1088 1514 1125 1587 V,
1149 1527 1225 1570 cum
1249 1530 1290 1571 ex

93 1613 125 1666 V
152 1606 331 1691 descriptus
366 1606 461 1670 modo
495 1608 668 1691 genuinam
705 1609 772 1670 eius
803 1606 897 1671 modo
930 1618 1107 1672 correctam
1138 1608 1291 1674 exhibeat

92 1713 283 1796 scripturam
306 1733 442 1797 eamque
466 1713 541 1775 satis
564 1711 670 1775 multis
694 1734 732 1775 ac
752 1711 906 1794 gravibus
922 1735 1162 1798 nonnumquam
1178 1718 1289 1779 errori-

91 1813 152 1878 bus
176 1815 396 1901 depravatam,
420 1818 625 1900 perspicuum
648 1825 704 1879 est.
729 1837 828 1901 quare
851 1815 1002 1881 lectiones
1030 1819 1097 1880 eius
1119 1840 1184 1883 non
1205 1841 1288 1884 com-

90 1921 266 1983 memoravi
294 1920 353 1982 nisi
380 1919 436 1982 ubi
466 1943 514 2001 ca,
543 1941 625 2004 quac
658 1919 763 1983 scriba
791 1919 842 1983 vel
871 1921 1013 1984 consulte
1037 1921 1089 1984 vel
1113 1944 1191 1985 casu
1214 1946 1235 1986 a
1258 1931 1288 1984 V

194 2155 270 2204 Haec
293 2154 362 2204 alius
385 2157 445 2220 quis
465 2156 504 2219 (ni
528 2153 614 2217 fallor,
638 2156 695 2220 ipse
718 2156 839 2205 Andreas
864 2156 967 2223 Schott)
993 2156 1044 2206 hoe
1067 2158 1145 2207 modo
1170 2162 1288 2210 mutavit

90 2248 118 2292 et
136 2242 285 2307 supplevit:

194 2343 256 2396 ‘Fui
268 2346 378 2395 Antonii
391 2345 575 2396 Conarruuiae
585 2345 711 2395 Toletani
725 2346 864 2408 Canonici‚
877 2347 974 2396 Didaci
987 2347 1082 2398 fratris.
1092 2348 1160 2398 And.
1175 2349 1286 2402 Sohotto

91 2434 223 2484 utendum
242 2433 316 2484 dedit
334 2439 361 2483 et
379 2433 450 2483 dono
468 2435 541 2482 misit
559 2435 593 2483 D.
611 2434 692 2483 Petro
710 2434 827 2483 Pantino
845 2435 956 2509 Decano
975 2433 1103 2484 Bruxell'

193 2538 300 2588 Deinde
321 2538 424 2600 eadem,
445 2544 475 2587 ut
494 2538 608 2600 videtur,
626 2554 721 2588 manus
740 2539 807 2588 haee
828 2538 931 2588 addidit
949 2539 1042 2589 eodem
1055 2546 1206 2592 atramento
1228 2558 1287 2608 per·

89 2627 165 2690 nigro
185 2627 295 2689 scripta:

194 2727 341 2795 ‘Optimum
360 2730 412 2779 hoe
430 2729 567 2795 exemplar
586 2729 748 2780 Toletanum
761 2744 862 2793 eorum,
881 2731 979 2794 quibus
997 2746 1061 2780 usus
1079 2746 1136 2781 sum
1152 2732 1285 2784 Vaticano

90 2833 122 2866 ao
141 2816 336 2882 Augustoduno
349 2832 382 2866 ae
394 2817 535 2881 Brugensi.
555 2817 659 2866 Graeca
671 2816 807 2866 habebant
826 2831 927 2878 omnes,
946 2817 1043 2881 quibus
1055 2817 1169 2868 lacunae
1183 2820 1287 2886 expleri

90 2909 199 2968 possent
227 2903 379 2968 desuntque
402 2905 431 2952 in
459 2902 582 2953 omnibus
610 2903 782 2966 editionibus,
809 2902 856 2953 sed
879 2918 912 2952 ea
930 2903 1052 2954 Gothicis
1074 2906 1164 2970 potius
1187 2906 1287 2957 litteris

90 3006 170 3055 quam
189 2989 300 3040 Graecis
319 2995 429 3039 exarata
447 3005 464 3039 a
481 2989 590 3040 librario
609 2990 712 3040 Graece
735 2989 845 3055 legendi
868 2989 967 3039 nedum
991 2990 1162 3056 intelligendi
1181 2994 1286 3057 ignaro,

88 3084 119 3127 ut
137 3076 217 3126 Delio
236 3076 352 3142 quodam
371 3081 493 3126 natatore
511 3082 593 3141 atque
613 3076 716 3142 Oedipo
735 3077 763 3125 in
782 3076 928 3125 diuinando
947 3077 1030 3126 inierit
1048 3093 1123 3142 opus.

983 3164 1050 3214 And.
1071 3163 1216 3216 Schottus'

193 3268 213 3330 1)
233 3267 273 3317 cf.
293 3285 317 3332 p.
337 3268 375 3316 XI
394 3267 455 3316 adn.
475 3269 498 3317 2.

193 3371 215 3436 ²)
234 3372 344 3420 initium
363 3373 465 3436 primae
484 3373 620 3428 suasoriae
639 3370 735 3437 (usque
755 3372 790 3422 ad
807 3372 891 3422 verba
912 3379 1042 3422 remeasset
1060 3390 1085 3439 p.
1105 3375 1222 3439 523,13)
1242 3374 1284 3424 bis

89 3461 217 3523 scriptum
237 3465 290 3522 est3
309 3458 368 3509 folii
387 3459 498 3509 secundi
520 3462 621 3525 pagina
644 3465 718 3510 recta
736 3459 825 3509 denuo
844 3461 940 3524 incipit
957 3475 974 3509 a
992 3460 1081 3519 verbis
1095 3460 1176 3524 finita
1193 3465 1284 3524 αιὶᾳιιε

86 3550 125 3596 rei
143 3545 178 3611 (p.
198 3547 307 3611 519,5).
333 3546 366 3596 de
388 3548 474 3611 primo
497 3546 562 3596 folio
581 3547 728 3596 Bursianus
751 3564 776 3612 p.
795 3547 888 3597 XIIII:
911 3543 971 3595 ‘hoe
994 3546 1088 3596 sollum
1113 3547 1222 3597 saeculo
1246 3549 1285 3597 XI

87 3635 215 3698 scriptum
225 3633 258 3682 ab
270 3635 308 3683 eis
318 3648 388 3699 quae
398 3640 547 3698 sequuntur
557 3633 628 3682 foliis
638 3634 746 3684 saeculo
757 3634 806 3682 XV
816 3634 922 3698 seriptis
931 3649 1038 3698 prorsus
1053 3634 1233 3699 separandum
1243 3644 1284 3687 est

86 3726 114 3771 et
132 3720 251 3771 codicem
271 3736 318 3786 per
336 3737 373 3782 se,
392 3727 422 3771 ut
440 3722 479 3770 ita
496 3721 593 3782 dicam,
617 3719 774 3771 constituit)
792 3727 822 3771 at
843 3720 1023 3786 Kiessliugius
1049 3720 1143 3771 folium
1166 3723 1283 3787 primum

80 3810 171 3869 ilrsum
197 3824 305 3872 quoqne
322 3807 432 3858 sacculo
452 3808 501 3857 XV
520 3810 646 3873 scriptum
666 3823 724 3858 esse
743 3807 885 3857 intellexit.
