2760 4110
87 121 153 185 512
592 142 787 195 excusem
1160 164 1187 213 p.
1207 148 1262 199 sac
1277 148 1308 199 u.

88 295 205 381 quibus
229 296 488 362 animadvertere
515 300 549 362 in
574 299 743 363 damnatos
770 322 904 364 necesse
928 308 986 383 est,
1009 322 1077 364 non
1102 300 1225 367 dicunt
1251 298 1309 367 ‘oc-

88 400 181 483 cide‘,
209 423 275 465 non
297 406 454 486 ‘morere'‚
483 403 540 468 sed
565 409 636 489 ‘age
664 405 757 489 lege’:
787 404 1011 469 crudelitatem
1039 407 1176 491 imperii
1205 408 1309 472 verbo

87 506 212 568 mitiore
236 505 431 571 subducunt.

175 610 257 673 Pars
280 610 391 675 altera.
423 612 532 676 Mores
555 623 627 676 tues
649 615 734 698 patri
758 612 859 677 debes
882 614 1081 699 adprobare,
1111 637 1182 680 non
1207 620 1311 703 patris

87 736 212 798 regere.
237 714 337 779 multa
355 714 456 779 debes
473 716 655 781 dementiae
677 719 769 801 signa
786 716 951 802 colligere3
975 740 1041 783 non
1063 728 1163 804 potes
1179 731 1310 807 patrem
1338 740 1350 788 t

87 828 220 904 propter
246 819 349 884 verba
380 820 545 885 damnare.
583 821 813 886 animadvertit
840 823 980 887 Manlius
1010 824 1045 886 in
1074 823 1186 889 filium
1216 836 1251 891 et
1278 829 1309 891 in

87 925 244 987 victorem
258 924 399 1009 quidem,
418 924 646 989 animadvertit
664 926 785 990 Brutus
801 929 836 991 in
849 926 969 991 liberos
985 949 1051 991 non
1062 928 1173 1019 factes
1185 929 1309 1015 hostes

88 1026 148 1090 sed
163 1027 304 1091 futuros:
320 1027 407 1112 vide,
424 1052 466 1092 an
487 1028 546 1092 sub
563 1029 613 1093 his
631 1030 788 1115 exemplis
810 1030 906 1095 liceat
927 1033 1012 1116 patri
1033 1031 1154 1095 fortius
1178 1043 1307 1099 tantum

87 1132 183 1217 loqui.
209 1135 442 1197 contumaciter
456 1136 583 1217 rogavit
607 1143 638 1197 et
654 1133 928 1218 quemadmodum
948 1136 1056 1220 periit3
1081 1135 1167 1199 nihil
1183 1140 1305 1222 agnovi

87 1235 183 1319 filiae,
207 1235 286 1299 nihil
305 1238 420 1300 victae.
450 1259 515 1301 non
533 1240 620 1301 misit
642 1237 685 1301 ad
707 1248 835 1323 patrem
854 1238 996 1303 fratrem.
1021 1262 1065 1302 an
1085 1242 1283 1305 etiamnunc
1295 1240 1305 1327 ll
1320 1258 1344 1305 ιο

88 1342 237 1404 irascitur
258 1340 376 1404 fratri?
413 1364 471 1404 cur
493 1363 545 1404 me
573 1341 676 1405 selum
698 1350 807 1427 regat,
836 1363 911 1405 cum
934 1342 1061 1406 duobus
1085 1345 1169 1407 satis
1192 1345 1303 1410 facere

89 1443 229 1508 debeat?
253 1446 374 1508 ‘victer'
398 1447 501 1530 inquit
524 1447 596 1509 ‘cite
621 1456 773 1535 exoratus
797 1450 870 1510 est':
897 1446 1022 1510 facilius
1050 1457 1100 1511 est
1124 1450 1302 1533 ,ignoscere

88 1547 172 1612 bello
185 1571 283 1633 quam
293 1549 475 1634 parricidic.
499 1552 595 1614 etiam
607 1560 709 1614 morte
722 1552 805 1635 patri
817 1552 977 1635 quaesivit
987 1550 1157 1616 invidiam.
1176 1557 1301 1639 perisse

88 1663 220 1739 propter
241 1663 367 1737 patrem
383 1653 501 1717 dicitur
522 1655 647 1737 mulier,
672 1677 755 1738 quae
770 1677 871 1717 unum
893 1654 1017 1738 habuit,
1040 1665 1179 1741 prepter
1202 1680 1299 1743 quem

87 1759 168 1821 mori
191 1757 323 1843 posset?
1315 1776 1338 1823 15

652 2002 730 2065 ΠΠ.

493 2158 649 2207 niunmm
667 2158 886 2208 nsmmrnm.

415 2279 476 2342 Rei
498 2279 650 2364 publicae
673 2279 780 2343 laesae
805 2282 845 2344 sit
867 2282 960 2343 actio.

220 2383 362 2464 Quidam
386 2385 549 2469 expositos
573 2383 734 2447 educebat
757 2392 789 2447 et
812 2382 993 2447 debilitatos
1016 2383 1212 2450 mendicare

176 2488 326 2572 cogebat,
350 2497 385 2551 ut
409 2487 470 2551 sibi
493 2487 679 2551 mercedem
701 2488 868 2551 referrent.
901 2497 1074 2551 accusatur
1095 2487 1211 2554 laesae
1314 2502 1340 2550 2⁰

175 2596 222 2656 rei
238 2592 399 2678 publicae.

175 2699 314 2761 Factum
338 2707 400 2780 est,
424 2720 464 2760 ne
488 2696 606 2760 liberes
634 2705 743 2782 patres
767 2705 822 2760 aut
844 2704 1023 2779 agnoscant
1046 2705 1102 2759 aut
1124 2700 1298 2783 recipiant.

87 2803 256 2887 vectigalis
272 2805 323 2865 isti
340 2801 512 2865 crudelitas
526 2800 604 2885 fuit
621 2823 658 2864 eo
678 2802 792 2884 magle,
818 2800 905 2885 quod
925 2822 1036 2863 omnes
1050 2809 1184 2884 praeter
1200 2804 1299 2868 istum

176 3060 252 3115 MPd
277 3067 291 3112 ‘2
311 3060 451 3128 agelage]
472 3077 501 3125 ²⁷3
521 3077 571 3127 age
590 3061 679 3127 legem
700 3059 754 3129 Μβ
772 3061 806 3110 ad
824 3064 851 3124 (a
864 3056 894 3123 δ)
913 3061 1001 3126 legem
1021 3056 1066 3110 Pd
1088 3058 1097 3127 l
1120 3061 1208 3111 uerba
1227 3058 1299 3131 Pul}

88 3157 104 3204 3
123 3150 237 3218 mitiore]
258 3149 333 3219 αβν,·
351 3151 464 3200 micores
482 3150 525 3198 Μ1
544 3151 669 3198 miciores
688 3149 731 3197 M³
750 3150 869 3197 mitiores
888 3154 911 3196 P
930 3143 1071 3197 mitiorad
1088 3143 1097 3211 ΙΙ
1115 3149 1241 3212 bregem
1254 3148 1299 3199 Pl

89 3242 104 3290 6
123 3236 248 3303 manlius]
269 3235 303 3305 βς
322 3235 431 3285 mallius
449 3231 544 3285 MPdr
567 3232 576 3302 ll
595 3242 662 3300 post.
682 3237 710 3284 in
729 3252 777 3284 om.
796 3240 819 3282 P
873 3236 889 3283 8
908 3234 1027 3283 facturos
1045 3229 1090 3283 Pd
1113 3231 1120 3261 ¹
1144 3235 1160 3281 9
1179 3239 1299 3299 agnouit

89 3327 111 3391 (t
130 3327 188 3389 del.)
211 3331 234 3374 P
262 3324 264 3369 l
300 3327 331 3373 10
356 3321 438 3389 misit]
463 3322 560 3372 melius
585 3329 650 3371 est.
669 3324 703 3371 sit
727 3322 893 3387 (carperem-,i
917 3338 974 3385 cup.
998 3321 1052 3384 me)
1076 3321 1118 3369 Ml
1137 3337 1205 3371 corr.
1227 3323 1273 3372 M³
1290 3320 1299 3390 {l

88 3421 115 3463 et
128 3428 200 3461 nunc
213 3411 242 3479 β,
257 3414 338 3462 etiarn
352 3411 414 3460 huic
428 3411 480 3471 Bu·
494 3410 528 3473 cf.
541 3428 568 3473 p.
583 3410 646 3469 478,
660 3411 694 3457 18
712 3406 720 3475 Ι
742 3411 771 3457 13
786 3405 930 3473 quaesivit]
946 3422 999 3471 que
1011 3413 1074 3455 sunt
1087 3401 1108 3456 d
1155 3409 1188 3455 14
1201 3408 1297 3476 quem]

89 3515 158 3566 quae
182 3495 202 3549 d
224 3498 232 3565 ll
258 3501 287 3547 17
312 3498 428 3547 mendici
451 3497 481 3560 (n
499 3514 548 3546 ser.
568 3496 623 3559 w)
648 3502 679 3544 Μ
701 3496 709 3561 'J
735 3498 765 3544 19
790 3492 931 3559 educebat]
955 3509 989 3555 α;
1012 3494 1158 3542 seducebat
1181 3491 1299 3563 ΜῙΡβδ

88 3586 204 3637 ducebat
216 3584 259 3632 M²
272 3584 404 3633 educabat
415 3598 433 3633 ν
446 3584 538 3644 (Kc.r);
556 3584 590 3647 cf.
605 3601 635 3647 p.
654 3585 715 3642 480,
732 3585 751 3630 8
768 3578 777 3649 l}
795 3583 829 3630 20
848 3581 1003 3630 mercedent
1022 3580 1056 3643 (t)
1076 3580 1118 3628 M¹
1137 3597 1203 3629 corr.
1225 3582 1270 3632 11³
1293 3582 1298 3649 l

88 3676 122 3722 22
140 3675 284 3738 ignoscant
301 3676 323 3719 P
342 3668 350 3737 ll
369 3672 401 3719 23
421 3672 473 3719 ista
491 3666 529 3721 dv
552 3667 560 3737 l
583 3669 727 3719 erudelitas
746 3686 812 3717 corr.
831 3686 863 3717 ex
881 3667 1022 3717 crudelitas
1041 3672 1072 3715 M
1089 3663 1098 3733 ll
1116 3666 1169 3715 fuit
1187 3684 1238 3718 mn.
1259 3673 1297 3731 03

88 3760 122 3825 cf.
138 3777 171 3825 p.
190 3760 249 3821 480,
269 3754 312 3825 8;]
331 3759 418 3806 omnis
436 3753 488 3808 Md
