2760 4110
87 151 151 216 606

622 169 748 222 INDEX.

178 328 289 378 Gotones:
308 328 349 389 29,
363 328 387 377 3.
407 329 448 390 68,
462 331 504 378 20.
524 329 603 390 81,9.
619 329 659 380 18.
714 323 864 381 Laberius
887 327 933 392 (Ι).
952 326 1109 388 Laberius).
1136 329 1231 377 Mimi-
1243 329 1295 378 eius

123 416 181 476 111,
200 416 224 464 8.
248 416 308 477 888,
327 416 368 464 11.
392 416 511 476 88818.
534 415 594 477 818,
620 416 659 463 12.

122 503 182 562 399,
198 503 236 550 18.
252 503 291 550 18.
307 503 366 563 402,
380 504 406 554 3,
418 503 477 563 410,
492 503 531 550 16.
545 501 605 562 418,
621 502 659 550 18.

121 589 182 648 419,
195 590 220 637 3.
234 589 293 651 431,
307 590 330 638 2.
349 590 409 651 463,
423 589 464 638 28.
483 588 542 650 470,
556 589 580 638 8.
600 588 660 649 478,

124 676 163 723 13.
183 674 242 737 488,
256 677 279 724 2.
293 675 318 723 8.
331 676 391 737 801,
404 676 427 724 7.
441 675 501 736 687,
511 675 552 723 21.
566 675 625 737 888,
635 675 659 723 4.

88 756 194 813 Iunius
220 761 325 827 (Iunius
349 761 420 811 Otho
445 762 532 828 pater)
558 759 661 810 solebat

123 846 247 898 difficiles
266 850 461 899 controversias
478 846 660 908 88118118818,

123 948 182 997 888,
205 937 234 984 18
257 937 355 1001 881888
378 936 448 984 18181
472 933 610 984 8118811818
634 938 661 982 81

124 1021 304 1072 181881188818
332 1022 420 1072 1118118
448 1024 660 1085 temperamento

124 1126 190 1176 opus
209 1115 267 1160 erat
286 1112 344 1171 125,
357 1112 386 1172 4,
405 1105 661 1158 888811888811188

123 1198 326 1258 controversias,
336 1209 406 1260 quae
416 1195 562 1259 suspiciose
572 1191 660 1242 dicen·

124 1289 264 1338 18881881
286 1287 342 1346 128,
358 1286 401 1346 14,
420 1282 520 1347 optime
533 1281 601 1330 dixit
613 1294 661 1344 pro

123 1380 247 1424 matrona
277 1370 404 1420 adulterii
433 1383 492 1429 rea,
522 1369 551 1416 in
582 1381 661 1431 qnam

125 1460 232 1511 Vallius
255 1457 381 1522 Syriscus
405 1455 568 1505 calumniam
592 1454 661 1501 iura-

124 1551 202 1597 verat
233 1546 295 1607 128,
322 1546 367 1604 16,
398 1543 506 1607 egregie
537 1541 663 1589 tractavit

96 1656 100 1661 ·
127 1635 185 1695 126,
198 1635 227 1696 8,
240 1636 368 1697 88811881
380 1629 461 1678 118188
474 1627 594 1677 88181881
607 1626 663 1676 edi-

749 416 809 476 303,
827 417 856 479 6,
880 429 941 464 8881
965 413 1044 463 divus
1066 413 1161 463 Iulius
1187 418 1296 465 mimum

716 524 720 529 ·
749 501 887 569 produxit,
922 501 1020 551 181818
1050 503 1180 566 equestri
1214 503 1298 552 ordini

717 612 723 618 ·
749 589 867 639 reddidit
884 589 943 650 303,
957 590 986 650 7,
1005 588 1038 638 88
1058 601 1123 637 8881
1143 603 1205 638 rem
1225 605 1242 639 a
1261 589 1298 639 ci-

749 690 847 726 cerone
867 676 959 725 irrisus
971 673 1125 739 ipse'illum
1140 675 1230 726 irrisit
1244 677 1298 738 303,

752 764 796 828 14,
808 769 945 813 auctorem
955 763 1023 823 vitii,
1034 761 1110 826 quod
1121 775 1157 811 ex
1171 765 1299 828 captione

749 852 830 900 unius
848 849 922 899 verbi
946 849 1023 914 plura
1046 847 1236 913 significantis
1255 865 1298 899 na·

750 939 845 999 scitur,
876 936 1053 1000 Pomponium
1084 935 1174 986 fuisse
1209 937 1298 987 aiebat

751 1024 858 1075 Cassius
876 1021 999 1084 Severus,
1018 1037 1034 1071 a
1053 1038 1109 1087 quo
1123 1024 1248 1087 primum
1266 1023 1297 1074 81

750 1110 894 1160 Laberium
924 1110 1051 1159 transisse
1085 1109 1142 1159 hoe
1175 1111 1296 1160 81811818

750 1197 880 1258 imitandi,
899 1196 996 1246 deinde
1008 1196 1043 1245 ad
1056 1195 1233 1260 Ciceronem,
1254 1198 1296 1262 qni

720 1305 723 1309 >
750 1284 819 1334 illud
831 1283 865 1334 81
874 1285 1002 1333 virtutem
1015 1283 1226 1334 transtulissent
1239 1286 1295 1347 303,

751 1373 779 1434 2,
798 1386 853 1420 888
871 1369 1024 1419 referuntur
1042 1369 1116 1419 dicta
1136 1371 1212 1432 eius,
1237 1386 1294 1420 cum

722 1479 724 1482 ¹
750 1460 808 1509 eius
831 1456 914 1518 mimi,
937 1455 1068 1521 quidquid
1091 1456 1174 1505 modo
1200 1456 1296 1506 181818-

750 1544 806 1594 8118
829 1543 936 1603 habent,
962 1542 1018 1592 tale
1042 1540 1114 1606 (1.8.
1139 1543 1217 1608 8881
1241 1545 1295 1592 imi-

752 1630 834 1681 tando
847 1635 998 1695 surreptum
1009 1628 1053 1693 sit)
1067 1628 1191 1679 habeant
1206 1631 1295 1692 303,5.

126 1719 273 1782 11149,18.
296 1719 353 1779 128,
366 1718 395 1780 7,
415 1714 573 1765 8188118188
592 1712 663 1762 colo·
717 1715 869 1772 Labienus
890 1717 931 1781 (T,
945 1716 1104 1779 Labienus).¹
1127 1715 1197 1766 Erat
1216 1717 1295 1767 homo

126 1822 185 1857 rum
204 1805 276 1856 helle
289 1803 377 1854 Gallio
390 1802 564 1866 Antiphontis
582 1800 663 1849 libros

93 1917 100 1921 -
124 1893 252 1942 vocabat:
272 1896 377 1941 tantum
391 1889 487 1939 inillis
500 1889 663 1938 somniorum

125 1985 190 2029 erat.
214 1984 241 2028 81
253 1978 304 2027 hoc
316 1979 412 2027 vitium
425 1976 458 2025 ab
471 1976 598 2041 antiquis,
617 1974 664 2038 qui

124 2072 210 2116 artem
234 2063 341 2114 dicendi
369 2063 524 2124 tradebant,
551 2061 663 2112 duxerat

126 2156 183 2215 128,
198 2154 224 2214 7,
245 2166 278 2200 ex
291 2149 499 2199 somniatoribus
518 2155 587 2211 erat;
606 2147 663 2197 nbi-

124 2254 240 2304 cumqne
260 2247 321 2287 eum
341 2236 476 2286 defecerat
495 2234 576 2296 color,
595 2250 663 2283 som-

124 2330 199 2376 nium
233 2324 359 2376 narrabat
394 2325 458 2385 336,
485 2323 531 2384 20,
567 2322 662 2370 vitium

124 2416 183 2464 eins
210 2413 373 2477 vituperavit
401 2411 517 2461 Scaurus
547 2410 608 2469 129,
633 2410 663 2470 2,

125 2500 230 2550 8818881
252 2499 300 2548 1188
321 2497 433 2559 8818188,
457 2497 503 2561 881
526 2492 662 2545 8118811881

126 2593 154 2637 81
173 2585 396 2651 significationem
416 2582 576 2643 desiderant,
596 2581 664 2630 8888

125 2672 216 2722 118818
231 2673 288 2733 127,
304 2672 349 2734 16,
368 2670 486 2720 88181881
500 2668 610 2718 stultum
624 2668 663 2716 in·

125 2760 323 2821 11111114817,
347 2759 404 2807 8188
428 2756 544 2806 88181818
568 2757 663 2819 impro·
690 2716 692 2832 l

125 2848 201 2895 bavit
219 2845 325 2895 Cestius
344 2844 403 2906 242,
416 2845 444 2906 3,
467 2843 586 2906 ineptam
605 2855 664 2891 sen·

126 2935 239 2983 tentiam
253 2930 395 2979 videbatur
408 2930 506 2978 dixisse
518 2930 577 2991 304,
589 2930 617 2990 7,
636 2930 664 2976 111

125 3020 215 3070 881818
234 3017 350 3082 quodam
370 3016 471 3066 derisus
490 3021 530 3064 est
549 3017 663 3076 804,11.

181 3104 339 3155 Sententiae:
353 3104 393 3165 18,
404 3105 427 3151 5.
442 3103 484 3164 et,
499 3103 539 3151 13.
555 3103 664 3161 177,12,

128 3196 242 3255 300,18.

184 3280 295 3330 Colores:
322 3277 364 3338 49,
389 3277 426 3325 18.
459 3277 516 3337 127,
540 3276 580 3324 18.
607 3277 664 3336 128,

129 3372 210 3431 1888.
231 3368 289 3426 241,
308 3366 349 3412 21.
369 3364 428 3423 242,
448 3365 470 3413 1,
489 3364 548 3424 304,
562 3364 585 3411 7,
605 3364 664 3425 336,

130 3455 170 3502 18.
189 3454 304 3513 804,11.

93 3537 236 3605 Iuppiter
254 3539 314 3600 247,
328 3541 350 3587 2.
371 3539 463 3598 281,1.
478 3538 537 3599 385,
553 3538 665 3598 18183,

130 3623 666 3690 l4seq.,OlympiusquemPhidiasEliis

128 3712 193 3762 fecit
212 3713 395 3776 361,11888.,
413 3711 536 3761 obsessus
554 3712 665 3772 87812.

88 3795 237 3865 luppiter
252 3799 327 3852 81188
346 3801 405 3866 882,
420 3800 443 3851 9.

751 1807 850 1855 1888118
860 1819 940 1869 88881
953 1803 1065 1868 linguae
1078 1804 1225 1853 amarioris
1239 1805 1296 1866 225,

747 1892 785 1957 ’6,
804 1894 862 1942 eius
881 1891 982 1940 dietum
1001 1890 1034 1939 de
1052 1890 1148 1939 Asinio
1168 1890 1295 1940 Pollione

753 1982 813 2042 228,
828 1981 855 2043 7,
874 1977 1037 2027 declamavit
1054 1991 1109 2025 non
1122 1976 1237 2041 quidem
1253 1992 1295 2042 po·

752 2065 825 2132 pulo,
838 2065 885 2115 sed
897 2065 1005 2130 egregie
1015 2064 1075 2124 448,
1088 2064 1134 2124 10,
1148 2062 1294 2113 affectabat

722 2179 724 2184 ·
753 2155 904 2202 censorium
927 2150 1108 2215 supercilium,
1134 2164 1197 2198 cum
1225 2149 1293 2198 alius

752 2242 843 2289 animo
867 2243 948 2288 esset:
977 2251 1090 2301 magnus
1115 2241 1220 2297 orator,
1249 2237 1292 2301 qni

753 2326 839 2376 multa
868 2324 1060 2390 impedimenta
1091 2321 1230 2372 eluctatus
1261 2321 1292 2371 ad

752 2413 851 2463 famam
870 2411 973 2476 ingenii
992 2408 1184 2459 confitentibus
1208 2411 1292 2474 magis

752 2498 904 2548 hominibus
923 2501 1082 2562 pervenerat
1101 2510 1182 2560 quam
1200 2495 1292 2544 volen-

752 2587 831 2635 tibus.
856 2599 960 2635 summa
978 2590 1083 2648 egestas
1103 2588 1169 2643 erat,
1189 2597 1294 2632 summa

753 2673 872 2732 infamia,
896 2686 1028 2720 summum
1055 2669 1143 2717 odium
1168 2670 1231 2731 448,
1252 2671 1293 2731 12,

754 2774 833 2808 88818
856 2763 922 2819 8181,
947 2758 993 2822 881
1016 2771 1078 2816 888,
1103 2770 1164 2804 cum
1190 2753 1294 2804 homini

754 2847 844 2896 omnia
874 2845 1005 2903 obiceret,
1035 2842 1145 2906 ingenio
1178 2840 1292 2891 multum

753 2933 891 2982 tribueret.
917 2930 990 2979 color
1008 2928 1137 2978 orationis
1155 2929 1293 2992 autiquae,

753 3020 830 3084 vigor
848 3031 943 3078 novae,
967 3015 1056 3064 cultus
1078 3016 1149 3064 inter
1172 3021 1293 3064 nostruin

753 3120 785 3156 ac
803 3105 877 3171 prins
897 3101 1034 3153 saeculum
1051 3101 1163 3162 medius,
1183 3107 1215 3151 ut
1232 3115 1292 3151 eum

748 3198 838 3258 posset
856 3196 970 3255 utraque
993 3203 1053 3253 pars
1076 3187 1126 3236 sibi
1144 3186 1293 3237 vindicare.

753 3279 864 3329 libertas
884 3283 968 3337 18818,
990 3281 1020 3324 81
1039 3274 1172 3324 libertatis
1195 3289 1294 3325 nomen

754 3364 896 3414 excederet
920 3370 954 3425 et,
978 3364 1042 3427 qnia
1063 3362 1160 3426 passim
1188 3361 1296 3410 ordines

755 3451 931 3515 hominesque
944 3449 1073 3509 laniabat,
1093 3446 1232 3497 Rabienus
1252 3463 1296 3497 vo·

756 3543 870 3587 caretur.
894 3537 999 3586 animus
1023 3535 1095 3584 inter
1112 3535 1180 3583 vitia
1198 3536 1297 3600 ingens

755 3629 782 3672 et
801 3623 834 3672 ad
852 3622 1054 3672 similitudinem
1068 3622 1171 3685 ingenii
1184 3622 1227 3669 sni
1240 3624 1296 3670 vio·

755 3709 845 3759 1881118
869 3715 896 3759 81
918 3711 965 3774 881
984 3709 1163 3773 Pompeianos
1185 3709 1296 3774 spiritus

757 3795 881 3846 noudnrn
904 3798 938 3842 in
959 3801 1040 3842 tanta
1065 3808 1133 3855 8888
1159 3796 1297 3855 8881118881
