2760 4110
87 157 151 222 612

87 331 178 386 056115
197 351 221 383 ν,
241 335 373 384 Moschus.

89 417 164 472 01115
183 437 208 469 v.
227 421 329 472 Iunius.

87 504 255 573 Othryades
275 510 389 571 533,14.
409 511 469 571 541,
485 511 516 558 16
530 524 584 574 seq.

87 591 248 646 0110161155
267 597 368 658 4215,
389 596 421 646 ct.
442 597 561 646 Ovidius.

87 678 208 734 Ovidius
228 683 268 747 (P.
283 683 396 733 Ovidius
414 684 505 748 Naso).
526 684 592 733 Eius
604 699 659 734 car-

121 770 194 818 mina
215 772 326 832 133,14.
348 772 407 832 136,
421 772 443 820 6.
458 773 504 835 20,
528 773 586 821 eius
609 776 660 820 tra·

121 856 217 920 goedia
239 859 300 918 550,
316 858 359 916 18,
384 859 442 907 eius
464 858 544 907 amici
566 860 622 922 136,
636 860 659 908 8.

125 945 185 1005 136,
205 946 236 992 12
261 943 459 1008 (Albinovanus
482 944 576 1009 Pedo).
601 948 661 1008 550,

123 1031 155 1079 15
179 1029 305 1095 (Gallio),
334 1032 392 1080 eius
415 1047 535 1081 summus
558 1037 662 1083 amator

123 1116 153 1165 P.
173 1117 296 1166 Vinicius
320 1119 379 1179 492,
405 1120 448 1180 12,
476 1119 582 1167 auditor
608 1118 661 1168 fuit

120 1202 216 1252 Arellii
229 1205 310 1253 Fusci
330 1206 388 1267 133,
402 1207 430 1269 9,
449 1206 593 1256 Latronem
607 1211 660 1256 stu·

120 1289 195 1339 diosc
213 1291 299 1341 audiit
327 1293 384 1353 133,
400 1294 444 1354 13,
467 1293 593 1342 Latronis
616 1294 660 1344 ad·

122 1378 231 1426 mirator
250 1383 314 1439 erat,
335 1394 394 1427 cum
413 1379 547 1429 diversum
567 1395 660 1445 seque·

120 1469 194 1513 retur
206 1464 313 1514 dicendi
330 1480 416 1530 genus
436 1467 553 1531 133,10;
573 1467 659 1518 decla·

123 1552 208 1599 mavit
220 1567 279 1600 raro
294 1554 489 1602 controversias
502 1558 529 1602 51
542 1569 596 1603 11511
609 1555 661 1604 nisi

122 1637 239 1700 ethicas,
267 1637 396 1687 libentius
420 1638 487 1688 dixit
514 1641 660 1689 suasorias:

122 1725 236 1774 molesta
253 1727 280 1774 ei
293 1730 350 1775 erat
362 1727 449 1775 omnis
462 1728 660 1791 argumentatio

125 1813 181 1872 136,
205 1813 233 1875 4,
262 1828 322 1861 cum
351 1813 484 1876 studeret,
511 1813 661 1863 habebatur

121 1898 207 1946 bonus
231 1898 396 1949 declamator
425 1901 480 1960 134,
500 1901 528 1965 8,
557 1906 660 1950 contro·

122 1987 236 2034 versiam
251 1986 386 2049 quandam
400 1986 481 2052 longe
494 1988 661 2052 ingeniosius

121 2087 202 2136 quam
226 2072 345 2121 Arellius
364 2073 467 2122 Fuscus
491 2074 660 2136 declamavit,

123 2164 236 2224 excepto
250 2175 290 2221 55,
310 2159 381 2223 quod
398 2161 456 2208 sine
476 2166 548 2209 certo
567 2161 661 2210 ordine

124 2262 170 2310 per
190 2247 263 2296 locos
282 2246 448 2295 discurrebat
471 2249 526 2308 134,
540 2249 568 2308 9,
593 2248 660 2295 mul-

124 2339 165 2382 tas
188 2335 313 2382 Latronis
340 2336 488 2383 sententias
515 2334 543 2381 in
568 2347 660 2382 versus

121 2435 183 2469 suos
196 2420 334 2469 transtulit
350 2422 406 2481 133,
422 2423 452 2468 13
463 2436 533 2484 seq.;
547 2420 660 2486 Vergilii

123 2507 212 2568 verba,
231 2508 303 2572 quod
316 2509 343 2555 in
359 2507 451 2555 multis
465 2508 526 2556 aliis
539 2508 661 2556 versibus

122 2593 196 2641 illius
205 2594 314 2655 fecerat,
328 2610 381 2642 non
396 2595 558 2658 surripiendi
571 2609 660 2656 causa,

122 2680 168 2728 sed
191 2679 280 2743 palam
305 2680 458 2741 mutuandi,
487 2681 538 2729 hoc
561 2681 659 2742 animo,

122 2772 152 2815 ut
164 2766 248 2815 vellet
261 2768 379 2830 agnosci,
398 2767 426 2814 in
440 2767 606 2831 tragoediam
620 2782 660 2816 15-

123 2855 194 2917 cepit
213 2855 272 2914 550,
289 2856 332 2913 16,
352 2855 380 2902 P.
395 2854 518 2903 Vinicius
532 2854 660 2918 Glyconis

123 2955 228 2988 sensum
249 2940 421 2988 disertissime
444 2941 516 3004 apud
535 2956 596 2990 eum
616 2958 660 3006 po·

122 3028 202 3075 situm
227 3041 284 3075 esse
307 3027 376 3074 dixit
398 3028 457 3087 492,
481 3029 525 3090 12,
554 3027 660 3076 Cestius

123 3128 184 3161 enm
197 3113 350 3176 implevisse
363 3112 501 3162 saeculum
515 3130 592 3162 suum
606 3131 660 3163 non

749 338 822 386 nime
840 337 955 387 licenter
971 353 1038 388 usus
1059 344 1104 388 est
1123 341 1184 388 nisi
1204 341 1234 390 in
1252 358 1302 391 car·

750 424 866 474 minibus
887 426 944 486 136,
957 426 986 486 6,
1005 426 1034 474 111
1054 427 1235 477 carminibus
1252 445 1302 477 nou

748 511 884 576 ignoravit
896 513 963 561 vitia
974 527 1031 574 sua,
1051 512 1103 562 sed
1120 516 1235 564 amavit
1249 518 1302 575 136,

720 637 724 643 .
750 598 778 657 1,
798 613 852 646 11511
869 597 1000 647 iudicium
1018 599 1045 648 ei
1065 599 1161 650 defuit
1180 602 1219 651 ad
1235 618 1303 651 com·

721 724 723 729 .
749 684 909 748 pescendam
919 684 1059 735 licentiam
1071 689 1234 737 carminum
1244 705 1301 738 suo-

749 786 817 832 rum,
829 771 876 821 sed
888 773 995 820 animus
1010 774 1069 834 136,
1085 775 1133 837 19,
1158 773 1257 825 fabula
1270 776 1302 826 de

750 857 835 907 tribus
859 859 916 907 eins
934 858 1056 908 versibus
1081 859 1220 911 tollendis
1244 878 1302 911 nar-

750 950 824 993 ratur
838 947 896 1008 136,
909 947 955 1007 20,
974 946 1117 996 nesciebat
1131 949 1212 1012 quod
1231 950 1301 1000 bene

749 1033 775 1080 ei
788 1034 867 1081 cessit
879 1031 1031 1096 relinquere
1045 1035 1108 1096 421,
1124 1037 1173 1100 17,
1194 1036 1301 1086 solebat

750 1118 865 1168 Scaurus
878 1120 1025 1168 Votienum
1037 1120 1210 1172 Montanum
1231 1125 1302 1172 inter

750 1210 869 1255 oratores
897 1205 1024 1256 Ovidium
1051 1221 1156 1257 vocare
1190 1216 1302 1274 propter

748 1306 858 1357 pravam
886 1295 1081 1342 sententiarum
1101 1296 1300 1359 repetitionem

749 1380 809 1440 421,
825 1380 868 1438 16,
887 1379 1063 1428 Montaniana
1083 1381 1112 1441 (i.
1131 1395 1157 1430 e.
1178 1381 1300 1431 iteratio-

749 1466 807 1528 nes)
841 1467 871 1514 in
900 1468 958 1514 eins
983 1466 1151 1516 carminibus
1179 1467 1300 1518 Scaurus

749 1552 893 1616 castigavit
905 1553 964 1613 421,
977 1553 1020 1613 19,
1039 1553 1100 1612 51115
1112 1553 1254 1604 iudicium
1267 1556 1300 1606 de

749 1637 877 1687 Varronis
895 1638 1003 1688 Atacini
1020 1640 1144 1689 versibus
1166 1642 1270 1705 289,1.

804 1724 1021 1786 0501113411.

714 1896 847 1950 Pacatus
874 1898 977 1960 rhetor,
1006 1914 1067 1948 cum
1098 1901 1125 1949 ei
1152 1901 1299 1953 Massiliae

748 1985 876 2034 Moschus
895 2000 974 2044 mane
987 1985 1158 2050 occurrisset,
1179 2004 1240 2038 non
1259 1992 1298 2038 in·

749 2072 852 2121 urbane
875 2071 1012 2121 schemate
1040 2071 1119 2121 illum
1147 2074 1298 2125 salutavit:

750 2156 888 2222 ‘poteram'
908 2159 997 2222 inquit
1016 2155 1127 2209 ‘diceret
1152 2175 1216 2224 ave,
1241 2179 1294 2212 mo-

748 2243 820 2295 scbe'
839 2247 898 2307 452,
919 2248 962 2307 12,
986 2244 1020 2294 ab
1044 2245 1208 2310 eloquentia
1227 2249 1294 2298 mul-

749 2338 806 2380 tum
826 2332 931 2392 aberat;
956 2336 1035 2380 uatus
1057 2332 1092 2380 ad
1110 2335 1294 2385 contumelias

750 2419 869 2467 omnium
894 2419 1010 2482 ingeniis
1033 2418 1196 2482 inurendus,
1223 2421 1293 2471 nulli

750 2521 803 2554 non
827 2506 961 2570 impressit
984 2504 1101 2569 aliquid,
1128 2508 1202 2571 qnod
1227 2508 1292 2558 effu-

749 2607 813 2656 gere
840 2607 894 2640 non
922 2597 1019 2655 posset.
1049 2592 1180 2643 Passieno
1205 2598 1292 2659 prima

749 2680 807 2728 eius
834 2677 939 2742 syllaba
967 2681 995 2727 in
1023 2678 1157 2728 Graecum
1185 2687 1292 2732 mutata

748 2766 892 2814 obscenum
912 2780 1011 2814 nomen
1031 2767 1171 2830 imposuit3
1192 2767 1290 2832 Sparso

748 2852 816 2901 dixit
834 2852 954 2902 scholam
968 2867 1138 2902 communem
1154 2869 1218 2904 cum
1232 2855 1290 2905 rhe-

748 2944 805 2988 tore
819 2939 934 3002 quodam
951 2939 1074 2988 habenti:
1094 2944 1122 2988 tu
1136 2946 1216 3004 potes
1230 2957 1289 2991 con·

748 3026 905 3074 troversiam
923 3025 1091 3090 intellegere,
1110 3029 1157 3090 qui
1175 3043 1233 3077 non
1251 3030 1289 3077 in·

749 3112 855 3175 tellegis
874 3117 901 3161 te
914 3113 1025 3162 laterem
1044 3111 1154 3162 lavare?
1172 3116 1288 3177 45214.

122 3206 225 3248 tantum
246 3201 382 3248 amatoriis
401 3200 503 3248 artibus
516 3201 564 3249 sed
578 3203 659 3250 etiam
713 3195 885 3250 Palladium
905 3201 964 3260 231,
978 3201 1017 3248 23.

124 3287 417 3347 55515111151111111220,
434 3288 478 3349 13,
498 3289 555 3336 eius
569 3303 660 3337 versus
713 3283 888 3337 Pammenes
912 3301 944 3335 ex
968 3287 1044 3335 novis
1063 3285 1287 3337 declamatoribus

123 3373 207 3421 Alfius
220 3373 322 3421 Flavus
342 3374 462 3422 imitatus
481 3379 521 3422 est
541 3377 660 3439 220,10,
749 3376 902 3434 515154,3.

123 3461 163 3507 vir
182 3464 240 3508 erat
253 3460 349 3507 summi
362 3460 465 3524 ingenii
481 3462 537 3522 136,
553 3463 596 3524 19,
615 3461 661 3510 ha·
716 3452 913 3529 [lunaticos
935 3453 1087 3530 πέλαγος
1104 3461 1164 3522 521,
1178 3463 1200 3510 V.

122 3545 203 3594 bebat
221 3551 357 3609 comptum
378 3552 405 3595 et
423 3547 520 3596 decens
545 3553 571 3596 51
590 3562 660 3596 ama·
713 3544 812 3598 Pansa
832 3546 872 3610 (O.
891 3546 990 3607 Pansa)
1011 3547 1105 3596 consul
1124 3548 1242 3609 5118,11.

123 3632 177 3681 bile
196 3633 335 3697 ingenium
358 3635 414 3695 133,
430 3636 474 3694 11,
499 3635 583 3683 oratio
603 3636 661 3683 eius
714 3630 856 3697 Papirius
876 3633 1011 3698 (Papirius
1030 3633 1180 3698 Fabianus)
1202 3634 1285 3698 philo·

122 3719 190 3766 nihil
210 3719 284 3767 aliud
301 3724 406 3782 poterat
420 3720 504 3768 videri
521 3735 601 3784 quam
621 3735 660 3769 so·
749 3721 860 3784 sophus,
884 3722 930 3784 qui
957 3719 1116 3770 adulescens
1143 3721 1285 3770 admodum

119 3805 206 3855 lutum
227 3821 336 3858 carmen
362 3808 420 3872 133,
437 3809 481 3870 12,
501 3807 590 3858 verbis
613 3808 662 3857 mi·
749 3813 844 3856 tantae
878 3809 1013 3869 cninionis
1040 3809 1072 3855 in
1102 3807 1285 3869 declamando,
