2760 4110
86 193 111 241 p.
131 178 183 225 aro
200 176 233 225 n.
501 176 571 225 mn.
585 174 638 223 vn
666 174 762 240 too),
775 177 870 225 o-rr.
1223 152 1284 217 317

85 335 162 396 tiam
182 331 257 395 huic
277 330 386 395 aiebat
406 352 476 394 csse
497 330 632 394 similem
652 340 684 395 et
704 329 874 395 deridebat
893 330 992 394 hano:
1015 332 1160 394 insomne
1180 337 1213 393 et
1233 352 1286 393 ex·

85 445 268 522 perrectum
285 446 333 499 est
348 434 466 498 animal
482 437 581 518 caniS,
597 436 707 520 utique
725 437 916 518 catenarius
933 444 1073 519 paratus.
1095 443 1163 498 erat
1178 442 1286 498 autem

85 563 148 604 non
171 562 291 626 aequos
318 542 377 625 ipsi
402 540 564 603 Montano.
597 548 809 604 accusaverat
835 539 922 603 illum
946 539 1034 624 apud
1057 538 1241 622 Caesarem,
1264 561 1284 601 a

85 647 208 710 colonia
223 645 428 709 Narbonensi
442 654 582 729 rogatus
600 643 609 731 λ
624 654 657 709 at
672 645 845 709 Montanus
861 645 942 709 adeo
958 654 1023 709 toto
1039 647 1145 709 animo
1162 644 1283 707 schola·

49 754 182 818 estio-us
206 760 284 834 erat,
312 760 348 814 ut
370 749 484 813 eodem
508 749 570 833 die,
594 772 657 835 quo
679 759 851 814 accusatus
874 758 961 814 esta
981 751 1119 832 Vinicio,
1143 748 1283 812 diceret:

84 855 264 919 'delectavit
282 878 334 918 me
350 856 456 919 Vinici
472 856 576 937 actio'3
602 863 633 917 et
649 857 822 919 sententias
839 857 907 919 eius
922 853 1094 919 referebat.
1119 853 1284 938 eleganter

82 960 125 1024 illi
149 960 231 1023 dixit
254 959 430 1023 senones:
460 981 559 1043 rogo:
591 958 747 1044 numquid
770 968 864 1043 putas
891 958 979 1022 illum
1002 957 1136 1022 alteram
1157 967 1284 1043 partem

83 1064 306 1129 declamasse?
337 1066 446 1148 gravis
473 1063 680 1127 scholasticos
707 1063 839 1128 morbus
866 1064 999 1126 invasit:
1031 1062 1180 1147 exempla
1209 1084 1284 1127 cum

83 1170 274 1253 didicerunt,
297 1167 409 1232 volunt
431 1168 483 1233 illa
506 1168 549 1232 ad
571 1167 701 1253 aliquod
725 1169 962 1231 controversiae
990 1166 1098 1231 thema
1121 1166 1281 1251 redigere.

31 1294 63 1340 10
82 1275 142 1337 hoo
166 1273 325 1360 quomodo
349 1273 520 1358 aliquando
543 1272 728 1337 faciendum
753 1282 810 1356 est,
835 1294 909 1335 cum
937 1294 988 1336 res
1012 1274 1147 1357 patitur,
1171 1273 1215 1334 ita
1238 1273 1282 1333 in·
1307 1271 1347 1337 13

82 1381 278 1464 aptissimum
303 1388 351 1442 cst
372 1378 487 1442 luctari
511 1400 585 1441 cum
608 1379 742 1441 materia
766 1387 797 1441 et
818 1376 914 1462 longe
937 1399 1113 1458 arcessere,
1138 1377 1183 1438 sic
1207 1396 1282 1459 quo·

80 1485 175 1548 modo
197 1485 274 1548 fecit
296 1486 330 1547 in
353 1483 414 1547 hac
439 1485 657 1547 controversia
679 1483 784 1566 birse,
809 1486 873 1567 qui,
897 1505 971 1546 eum
991 1482 1114 1546 diceret
1135 1503 1193 1566 pro
1217 1480 1281 1544 filio

79 1589 186 1652 locum
202 1588 242 1651 de
265 1587 465 1672 indulgentia
480 1587 655 1651 liberorum
678 1589 711 1650 in
733 1596 852 1672 patros,
875 1589 964 1651 vonit
985 1586 1027 1650 ad
1051 1586 1152 1649 filium
1168 1584 1281 1650 Croesi

81 1704 111 1757 ct
127 1696 184 1757 ait:
208 1703 314 1757 mutus
331 1694 364 1756 in
386 1692 528 1777 periculo
552 1694 651 1776 patris
675 1690 833 1755 naturalia
856 1693 945 1755 vocis
967 1690 1188 1776 inpedimenta
1210 1714 1280 1776 per·-

29 1818 60 1863 15
80 1802 174 1883 rupit,
196 1801 249 1883 qui
265 1798 336 1882 plus
354 1819 450 1882 quam
466 1798 683 1882 quinquennio
699 1806 853 1861 tacuerat.
879 1798 953 1881 quia
969 1798 1183 1881 quinquennis
1199 1821 1280 1883 puer

78 1906 216 1988 ponitur,
239 1904 373 1988 putavit,
394 1901 590 1987 ubicumque
610 1904 809 1966 nominatum
825 1910 909 1965 esset
924 1904 1187 1987 quinquennium,
1210 1925 1279 1966 sen·

79 2010 210 2071 tentiam
225 2008 305 2090 lieri,
323 2009 398 2091 quia
413 2006 547 2070 Latroni
562 2005 647 2070 bene
664 2016 815 2091 cesserat,
832 2008 895 2091 qui,
913 2029 986 2070 cum
1003 2006 1149 2070 elusisset
1163 2007 1279 2071 vulnus

80 2115 242 2196 exiguum,
267 2111 362 2175 dixit:
391 2112 523 2196 aspicite
546 2112 640 2175 istam
663 2113 720 2174 vix
743 2120 953 2196 apparentem
977 2112 1177 2194 cicatricem
1201 2134 1279 2196 rogo

78 2239 149 2280 vos:
173 2238 237 2279 non
260 2218 378 2300 putetis
400 2214 570 2301 puerulum
592 2215 708 2279 fecisse
732 2224 764 2279 et
786 2238 827 2279 ne
850 2214 1020 2299 puerulum
1043 2215 1174 2299 quidem
1191 2217 1279 2300 quin-

27 2338 60 2385 20
79 2321 260 2405 quennem?
284 2320 413 2384 Gaurana
426 2320 539 2383 Vnuvs
556 2318 726 2405 inprobam
739 2319 821 2383 dixit
836 2320 1036 2402 sententiam,
1054 2341 1127 2383 cum
1145 2319 1278 2383 caedem
1303 2321 1344 2385 14

80 2425 289 2488 describeret:
315 2424 442 2506 occidit,
465 2425 577 2508 inquit,
600 2425 759 2506 maritum,
783 2445 957 2486 novercam
976 2423 1077 2506 laesit,
1100 2446 1201 2508 puero
1225 2446 1277 2508 pe-

25 2534 29 2541 '
79 2532 193 2613 percit:
211 2531 393 2592 etiamnunc
409 2526 544 2613 putabat
560 2549 661 2590 suum.
686 2527 783 2590 valde
799 2529 883 2590 enim
900 2549 1001 2612 puero
1017 2527 1154 2591 Casurus
1170 2528 1279 2591 aiebat

165 2760 210 2804 OD
232 2761 243 2803 1
259 2753 390 2819 insomne]
404 2755 455 2814 la,-
473 2755 583 2802 inomne
596 2758 620 2803 0
638 2750 647 2819 λλ
665 2754 680 2801 2
694 2751 813 2819 paratus]
827 2755 876 2816 D'2;
890 2760 1000 2819 paratur
1012 2758 1045 2816 0,
1058 2760 1169 2819 pacatus
1183 2753 1276 2816 Sciron,

77 2843 176 2906 (nibil)
188 2844 307 2908 paratius
321 2841 395 2907 Scltp,
407 2843 474 2904 jort.
488 2836 573 2893 recte
597 2842 612 2887 3
631 2853 713 2904 equos
725 2846 776 2890 AB
795 2855 880 2905 equus
893 2847 944 2889 VD
963 2838 972 2907 λ
990 2840 1143 2908 Caesarem]
1163 2843 1198 2906 ef.
1216 2841 1276 2891 Tac.

77 2949 138 2980 orm
151 2934 176 2993 4,
189 2934 222 2980 42
235 2929 244 2998 λ
257 2934 272 2979 4
286 2935 344 2979 tota
356 2945 427 2978 anno
441 2934 491 2977 AB
510 2954 520 2985 2,
537 2930 552 2977 5
571 2928 669 2976 uitinio
682 2933 708 2976 A
727 2930 823 2978 uinitio
841 2934 864 2977 B
884 2927 892 2995 λ
912 2929 1024 2979 diceret:
1043 2928 1197 2996 delectavit]
1217 2930 1277 2996 Md?

77 3020 222 3068 diceetauit
231 3022 252 3067 0
265 3017 445 3067 decertauerit
454 3020 507 3076 De,
518 3015 673 3080 disceptarit
684 3016 722 3074 (in
734 3016 823 3064 Vinici
832 3019 854 3079 <.
863 3056 868 3066 .
876 3016 908 3081 .>λ
918 3017 969 3077 Be
978 3018 1013 3081 cf.
1021 3015 1087 3082 ἃλις]
1095 3023 1118 3067 et
1131 3017 1159 3067 O.
1169 3017 1278 3082 Grappe

76 3113 170 3170 praeest.
181 3104 247 3155 riae.
258 3108 293 3154 28
312 3162 319 3171 λ
339 3106 354 3153 6
373 3100 426 3169 me]
440 3104 468 3150 in
481 3107 527 3151 De
545 3114 551 3167 fi
570 3103 655 3151 uicini
667 3105 737 3152 actio
752 3110 792 3152 est
811 3103 954 3168 (actionem
968 3104 1025 3168 Du)
1038 3110 1110 3153 VDu
1130 3114 1132 3119 '
1157 3104 1277 3168 allegan-

76 3200 151 3243 terB
165 3191 173 3260 λ
193 3192 288 3241 Villud
301 3197 325 3239 D
343 3188 352 3257 λλ
371 3190 489 3254 8grabis
501 3195 552 3238 AB
571 3186 579 3257 λ
598 3188 714 3256 morbus]
734 3196 791 3253 Dt3
810 3192 884 3240 morb
897 3196 948 3240 AB
968 3207 1057 3241 morus
1069 3196 1095 3238 V
1114 3188 1122 3257 l
1141 3193 1156 3238 9
1176 3190 1274 3240 didice-

76 3281 147 3348 runt]
166 3283 287 3343 ΤΙιουιαε,ι
300 3280 425 3328 dixerunt
438 3281 461 3326 Ο
475 3274 483 3345 λ
495 3277 621 3327 uoluntas
634 3283 661 3325 V
677 3278 800 3327 uolentes
811 3284 857 3329 Du
881 3278 882 3287 ¹
901 3285 974 3328 tema
987 3284 1037 3327 AB
1056 3277 1058 3281 ’
1085 3281 1115 3327 10
1129 3277 1273 3345 quomodo]

75 3372 126 3433 Be·
149 3369 219 3433 quod
238 3369 317 3416 borno
337 3371 388 3414 AB
407 3366 479 3430 quod
497 3371 548 3414 VD
566 3364 575 3433 λλ
597 3368 626 3414 12
646 3366 724 3415 Musa
741 3384 787 3416 ont.
807 3372 831 3415 D
855 3363 863 3433 λλ
888 3368 918 3415 13
944 3367 989 3415 det
1007 3366 1203 3430 indulgentiam
1223 3371 1270 3415 Vi

76 3464 163 3523 partes
183 3462 208 3504 V
255 3458 285 3503 14
305 3450 434 3520 perrupit]
451 3452 479 3502 O.
494 3454 578 3515 ‚laam
596 3455 714 3518 eorrupit
733 3459 765 3516 0,
785 3457 857 3519 rupit
874 3472 906 3519 op
924 3451 932 3515 λ·
954 3456 985 3502 16
1005 3455 1199 3517 quinquenium
1220 3459 1246 3502 A
1265 3450 1273 3521 λλ

78 3547 108 3592 17
128 3545 232 3593 latrone
251 3549 296 3607 V¹
321 3538 453 3606 elusisset]
481 3540 580 3602 idiotice,
599 3541 653 3606 My,
676 3541 703 3591 0.
724 3540 845 3604 Schenkl,-
869 3541 991 3590 diluisset
1010 3546 1057 3590 Asc
1075 3540 1205 3590 doluisset
1223 3546 1276 3589 BV

75 3632 197 3680 diluisset
216 3648 280 3679 corr.
299 3647 331 3679 ear
350 3629 479 3678 doluisset
496 3628 532 3676 D¹
552 3628 663 3677 dixisset
680 3628 725 3689 Dl,
744 3628 885 3678 delusisset
903 3629 941 3677 Bs
964 3624 972 3695 λ
995 3628 1094 3692 uulgus
1112 3633 1139 3675 V
1163 3636 1165 3661 ¹
1187 3630 1217 3677 19
1236 3628 1274 3677 fe·

75 3722 155 3769 cissct
168 3725 194 3767 et
205 3724 230 3766 V
242 3716 250 3784 λ.
263 3719 296 3765 20
307 3716 404 3781 gallius
414 3721 437 3764 B
451 3762 452 3771 ,
471 3716 543 3764 uiuis
554 3720 575 3764 0
587 3712 596 3782 λλ
608 3718 767 3765 senteatiam
778 3722 804 3765 A
816 3713 824 3783 λλ
837 3716 946 3766 eaedem
960 3714 1038 3781 (post.
1050 3730 1065 3765 e
1078 3733 1142 3765 corr.
1153 3732 1185 3765 ee
1195 3720 1273 3775 alR'

76 3812 106 3856 21
123 3807 279 3855 discriberot
291 3810 317 3852 A
336 3830 343 3869 l}
362 3805 499 3852 matritum
512 3808 571 3868 AB,
591 3809 696 3869 patrem
714 3805 759 3872 Mq
775 3801 791 3874 λλ
801 3804 920 3855 laeserit
932 3803 973 3851 551
985 3799 1059 3868 bl&
1076 3797 1309 3848 summm>
