<?xml version="1.0" encoding="UTF-8"?>
<!DOCTYPE html PUBLIC "-//W3C//DTD XHTML 1.0 Transitional//EN"
    "http://www.w3.org/TR/xhtml1/DTD/xhtml1-transitional.dtd">
<html xmlns="http://www.w3.org/1999/xhtml" xml:lang="en" lang="en">
 <head>
  <title>
</title>
<meta http-equiv="Content-Type" content="text/html;charset=utf-8" />
  <meta name='ocr-system' content='tesseract 3.04.00' />
  <meta name='ocr-capabilities' content='ocr_page ocr_carea ocr_par ocr_line ocrx_word'/>
</head>
<body>
  <div class='ocr_page' id='page_1' title='image "./lannaeisenecaeo00mullgoog_0503.png"; bbox 0 0 2760 4110; ppageno 0'>
   <div class='ocr_carea' id='block_1_1' title="bbox 124 138 1339 221">
    <p class='ocr_par' dir='ltr' id='par_1_1' title="bbox 124 138 1339 221">
     <span class='ocr_line' id='line_1_1' title="bbox 124 138 1339 221; baseline 0.006 -20"><span class='ocrx_word' id='word_1_1' title='bbox 124 138 189 201; x_wconf 76' lang='lat'>452</span> <span class='ocrx_word' id='word_1_2' title='bbox 544 153 910 205; x_wconf 82' lang='lat' dir='ltr'>conrnovnnsmnvn</span> <span class='ocrx_word' id='word_1_3' title='bbox 1186 173 1212 221; x_wconf 76' lang='lat' dir='ltr'>p.</span> <span class='ocrx_word' id='word_1_4' title='bbox 1234 158 1290 207; x_wconf 73' lang='lat' dir='ltr'>scr</span> <span class='ocrx_word' id='word_1_5' title='bbox 1307 158 1339 208; x_wconf 80' lang='lat' dir='ltr'>r.</span> 
     </span>
    </p>
   </div>
   <div class='ocr_carea' id='block_1_2' title="bbox 36 308 1378 1855">
    <p class='ocr_par' dir='ltr' id='par_1_2' title="bbox 36 308 1378 1855">
     <span class='ocr_line' id='line_1_2' title="bbox 125 308 1339 398; baseline 0.002 -24"><span class='ocrx_word' id='word_1_6' title='bbox 125 310 238 375; x_wconf 77' lang='lat' dir='ltr'><strong>subitis</strong></span> <span class='ocrx_word' id='word_1_7' title='bbox 266 308 422 374; x_wconf 89' lang='lat' dir='ltr'>mortibus</span> <span class='ocrx_word' id='word_1_8' title='bbox 450 311 581 373; x_wconf 86' lang='lat' dir='ltr'>memini</span> <span class='ocrx_word' id='word_1_9' title='bbox 609 332 684 373; x_wconf 90' lang='lat' dir='ltr'>eum</span> <span class='ocrx_word' id='word_1_10' title='bbox 712 309 889 394; x_wconf 79' lang='lat' dir='ltr'>dicentem,</span> <span class='ocrx_word' id='word_1_11' title='bbox 921 332 995 374; x_wconf 92' lang='lat' dir='ltr'>cum</span> <span class='ocrx_word' id='word_1_12' title='bbox 1017 332 1075 374; x_wconf 90' lang='lat' dir='ltr'>vos</span> <span class='ocrx_word' id='word_1_13' title='bbox 1102 332 1156 373; x_wconf 94' lang='lat' dir='ltr'>me</span> <span class='ocrx_word' id='word_1_14' title='bbox 1184 310 1243 375; x_wconf 92' lang='lat' dir='ltr'>illo</span> <span class='ocrx_word' id='word_1_15' title='bbox 1271 336 1339 398; x_wconf 91' lang='lat' dir='ltr'>per-</span> 
     </span>
     <span class='ocr_line' id='line_1_3' title="bbox 125 412 1340 502; baseline 0.002 -24"><span class='ocrx_word' id='word_1_16' title='bbox 125 414 319 478; x_wconf 82' lang='lat' dir='ltr'>duxissetis:</span> <span class='ocrx_word' id='word_1_17' title='bbox 344 412 511 499; x_wconf 83' lang='lat' dir='ltr'>‘quidquid</span> <span class='ocrx_word' id='word_1_18' title='bbox 527 415 637 477; x_wconf 83' lang='lat' dir='ltr'>avium</span> <span class='ocrx_word' id='word_1_19' title='bbox 651 414 774 497; x_wconf 82' lang='lat' dir='ltr'>volitat,</span> <span class='ocrx_word' id='word_1_20' title='bbox 797 413 955 499; x_wconf 90' lang='lat' dir='ltr'>quidquid</span> <span class='ocrx_word' id='word_1_21' title='bbox 970 416 1108 499; x_wconf 81' lang='lat' dir='ltr'>piscium</span> <span class='ocrx_word' id='word_1_22' title='bbox 1123 423 1230 500; x_wconf 85' lang='lat' dir='ltr'>natat,</span> <span class='ocrx_word' id='word_1_23' title='bbox 1249 416 1340 502; x_wconf 90' lang='lat' dir='ltr'>quid-</span> 
     </span>
     <span class='ocr_line' id='line_1_4' title="bbox 124 517 1340 605; baseline 0.002 -23"><span class='ocrx_word' id='word_1_24' title='bbox 124 518 203 605; x_wconf 91' lang='lat' dir='ltr'>quid</span> <span class='ocrx_word' id='word_1_25' title='bbox 222 518 367 582; x_wconf 86' lang='lat' dir='ltr'>ferarum</span> <span class='ocrx_word' id='word_1_26' title='bbox 386 517 547 600; x_wconf 85' lang='lat' dir='ltr'>discurrit,</span> <span class='ocrx_word' id='word_1_27' title='bbox 571 519 687 581; x_wconf 86' lang='lat' dir='ltr'>nostris</span> <span class='ocrx_word' id='word_1_28' title='bbox 707 518 861 603; x_wconf 85' lang='lat' dir='ltr'>sepelitur</span> <span class='ocrx_word' id='word_1_29' title='bbox 880 517 1056 583; x_wconf 84' lang='lat' dir='ltr'>ventribus</span> <span class='ocrx_word' id='word_1_30' title='bbox 1090 540 1215 603; x_wconf 87' lang='lat' dir='ltr'>quaere</span> <span class='ocrx_word' id='word_1_31' title='bbox 1241 543 1340 604; x_wconf 85' lang='lat' dir='ltr'>nunc,</span> 
     </span>
     <span class='ocr_line' id='line_1_5' title="bbox 60 621 1342 706; baseline 0.002 -19"><span class='ocrx_word' id='word_1_32' title='bbox 60 624 102 689; x_wconf 92' lang='lat'>10</span> <span class='ocrx_word' id='word_1_33' title='bbox 125 646 184 687; x_wconf 89' lang='lat' dir='ltr'>cur</span> <span class='ocrx_word' id='word_1_34' title='bbox 206 622 312 686; x_wconf 90' lang='lat' dir='ltr'>subito</span> <span class='ocrx_word' id='word_1_35' title='bbox 335 624 524 686; x_wconf 91' lang='lat' dir='ltr'>moriamur:</span> <span class='ocrx_word' id='word_1_36' title='bbox 547 621 704 685; x_wconf 90' lang='lat' dir='ltr'>mortibus</span> <span class='ocrx_word' id='word_1_37' title='bbox 727 623 886 687; x_wconf 82' lang='lat' dir='ltr'>vivimus‘.</span> <span class='ocrx_word' id='word_1_38' title='bbox 918 645 983 686; x_wconf 92' lang='lat' dir='ltr'>non</span> <span class='ocrx_word' id='word_1_39' title='bbox 1006 644 1095 706; x_wconf 87' lang='lat' dir='ltr'>ergo,</span> <span class='ocrx_word' id='word_1_40' title='bbox 1119 625 1253 688; x_wconf 89' lang='lat' dir='ltr'>etiamsi</span> <span class='ocrx_word' id='word_1_41' title='bbox 1275 627 1342 689; x_wconf 88' lang='lat' dir='ltr'>iam</span> 
     </span>
     <span class='ocr_line' id='line_1_6' title="bbox 124 724 1378 808; baseline 0.003 -17"><span class='ocrx_word' id='word_1_42' title='bbox 124 748 223 791; x_wconf 92' lang='lat' dir='ltr'>manu</span> <span class='ocrx_word' id='word_1_43' title='bbox 249 729 367 790; x_wconf 91' lang='lat' dir='ltr'>missus</span> <span class='ocrx_word' id='word_1_44' title='bbox 395 735 479 808; x_wconf 90' lang='lat' dir='ltr'>erat,</span> <span class='ocrx_word' id='word_1_45' title='bbox 508 724 620 789; x_wconf 86' lang='lat' dir='ltr'>debuit</span> <span class='ocrx_word' id='word_1_46' title='bbox 647 725 688 789; x_wconf 86' lang='lat' dir='ltr'>de</span> <span class='ocrx_word' id='word_1_47' title='bbox 717 727 803 790; x_wconf 91' lang='lat' dir='ltr'>corio</span> <span class='ocrx_word' id='word_1_48' title='bbox 831 728 899 790; x_wconf 88' lang='lat' dir='ltr'>eius</span> <span class='ocrx_word' id='word_1_49' title='bbox 921 725 1015 789; x_wconf 92' lang='lat' dir='ltr'>nobis</span> <span class='ocrx_word' id='word_1_50' title='bbox 1044 728 1120 790; x_wconf 89' lang='lat' dir='ltr'>satis</span> <span class='ocrx_word' id='word_1_51' title='bbox 1148 727 1249 793; x_wconf 80' lang='lat' dir='ltr'>fieri?</span> <span class='ocrx_word' id='word_1_52' title='bbox 1280 753 1341 795; x_wconf 90' lang='lat' dir='ltr'>nec</span> <span class='ocrx_word' id='word_1_53' title='bbox 1371 750 1378 795; x_wconf 78' lang='grc' dir='ltr'><em>ε</em></span> 
     </span>
     <span class='ocr_line' id='line_1_7' title="bbox 36 830 1342 917; baseline 0.002 -22"><span class='ocrx_word' id='word_1_54' title='bbox 36 899 40 909; x_wconf 65' lang='grc'><em>,</em></span> <span class='ocrx_word' id='word_1_55' title='bbox 125 853 196 895; x_wconf 90' lang='lat' dir='ltr'>sum</span> <span class='ocrx_word' id='word_1_56' title='bbox 219 853 262 895; x_wconf 85' lang='lat' dir='ltr'>ex</span> <span class='ocrx_word' id='word_1_57' title='bbox 284 830 447 893; x_wconf 89' lang='lat' dir='ltr'>iudicibus</span> <span class='ocrx_word' id='word_1_58' title='bbox 471 831 698 913; x_wconf 87' lang='lat' dir='ltr'>severissimis,</span> <span class='ocrx_word' id='word_1_59' title='bbox 727 832 781 915; x_wconf 91' lang='lat' dir='ltr'>qui</span> <span class='ocrx_word' id='word_1_60' title='bbox 805 831 911 894; x_wconf 90' lang='lat' dir='ltr'>omnia</span> <span class='ocrx_word' id='word_1_61' title='bbox 939 830 982 893; x_wconf 90' lang='lat' dir='ltr'>ad</span> <span class='ocrx_word' id='word_1_62' title='bbox 1006 838 1158 894; x_wconf 86' lang='lat' dir='ltr'>exactam</span> <span class='ocrx_word' id='word_1_63' title='bbox 1186 832 1342 917; x_wconf 85' lang='lat' dir='ltr'>regulam</span> 
     </span>
     <span class='ocr_line' id='line_1_8' title="bbox 125 934 1342 1022; baseline 0.001 -20"><span class='ocrx_word' id='word_1_64' title='bbox 125 938 286 1022; x_wconf 88' lang='lat' dir='ltr'>derigam:</span> <span class='ocrx_word' id='word_1_65' title='bbox 313 935 414 1000; x_wconf 87' lang='lat' dir='ltr'>multa</span> <span class='ocrx_word' id='word_1_66' title='bbox 438 934 591 998; x_wconf 89' lang='lat' dir='ltr'>donanda</span> <span class='ocrx_word' id='word_1_67' title='bbox 614 936 752 1018; x_wconf 85' lang='lat' dir='ltr'>ingeniis</span> <span class='ocrx_word' id='word_1_68' title='bbox 774 944 867 1020; x_wconf 77' lang='lat' dir='ltr'>put03</span> <span class='ocrx_word' id='word_1_69' title='bbox 896 934 955 998; x_wconf 90' lang='lat' dir='ltr'>sed</span> <span class='ocrx_word' id='word_1_70' title='bbox 979 934 1131 1000; x_wconf 90' lang='lat' dir='ltr'>donanda</span> <span class='ocrx_word' id='word_1_71' title='bbox 1154 938 1251 1021; x_wconf 85' lang='lat' dir='ltr'>vitia,</span> <span class='ocrx_word' id='word_1_72' title='bbox 1276 961 1342 1003; x_wconf 91' lang='lat' dir='ltr'>non</span> 
     </span>
     <span class='ocr_line' id='line_1_9' title="bbox 123 1037 1341 1128; baseline -0.001 -22"><span class='ocrx_word' id='word_1_73' title='bbox 123 1051 272 1128; x_wconf 88' lang='lat' dir='ltr'>portenta</span> <span class='ocrx_word' id='word_1_74' title='bbox 303 1048 385 1104; x_wconf 89' lang='lat' dir='ltr'>sunt.</span> <span class='ocrx_word' id='word_1_75' title='bbox 417 1041 444 1102; x_wconf 91' lang='lat' dir='ltr'>si</span> <span class='ocrx_word' id='word_1_76' title='bbox 475 1062 540 1123; x_wconf 85' lang='lat' dir='ltr'>qua</span> <span class='ocrx_word' id='word_1_77' title='bbox 570 1048 679 1102; x_wconf 86' lang='lat' dir='ltr'>tamen</span> <span class='ocrx_word' id='word_1_78' title='bbox 705 1037 913 1102; x_wconf 86' lang='lat' dir='ltr'>tolerabiliter</span> <span class='ocrx_word' id='word_1_79' title='bbox 937 1039 1024 1102; x_wconf 88' lang='lat' dir='ltr'>dicta</span> <span class='ocrx_word' id='word_1_80' title='bbox 1052 1048 1141 1121; x_wconf 89' lang='lat' dir='ltr'>sunt,</span> <span class='ocrx_word' id='word_1_81' title='bbox 1171 1062 1242 1105; x_wconf 90' lang='lat' dir='ltr'>non</span> <span class='ocrx_word' id='word_1_82' title='bbox 1267 1041 1341 1105; x_wconf 88' lang='lat' dir='ltr'>sub·</span> 
     </span>
     <span class='ocr_line' id='line_1_10' title="bbox 123 1142 1342 1228; baseline 0.001 -18"><span class='ocrx_word' id='word_1_83' title='bbox 123 1146 259 1228; x_wconf 85' lang='lat' dir='ltr'>traham,</span> <span class='ocrx_word' id='word_1_84' title='bbox 282 1144 359 1208; x_wconf 92' lang='lat' dir='ltr'>licct</span> <span class='ocrx_word' id='word_1_85' title='bbox 381 1166 447 1207; x_wconf 93' lang='lat' dir='ltr'>non</span> <span class='ocrx_word' id='word_1_86' title='bbox 468 1142 562 1228; x_wconf 88' lang='lat' dir='ltr'>plura</span> <span class='ocrx_word' id='word_1_87' title='bbox 584 1142 773 1206; x_wconf 84' lang='lat' dir='ltr'>videantur:</span> <span class='ocrx_word' id='word_1_88' title='bbox 797 1164 856 1206; x_wconf 89' lang='lat' dir='ltr'>vos</span> <span class='ocrx_word' id='word_1_89' title='bbox 880 1142 1054 1206; x_wconf 72' lang='lat' dir='ltr'>subiciatis</span> <span class='ocrx_word' id='word_1_90' title='bbox 1086 1142 1250 1209; x_wconf 79' lang='lat' dir='ltr'>Moscnvs</span> <span class='ocrx_word' id='word_1_91' title='bbox 1276 1169 1342 1211; x_wconf 89' lang='lat' dir='ltr'>non</span> 
     </span>
     <span class='ocr_line' id='line_1_11' title="bbox 123 1246 1378 1331; baseline 0.002 -17"><span class='ocrx_word' id='word_1_92' title='bbox 123 1248 327 1315; x_wconf 90' lang='lat' dir='ltr'>incommode</span> <span class='ocrx_word' id='word_1_93' title='bbox 348 1248 441 1330; x_wconf 85' lang='lat' dir='ltr'>dixit,</span> <span class='ocrx_word' id='word_1_94' title='bbox 464 1246 523 1310; x_wconf 89' lang='lat' dir='ltr'>scd</span> <span class='ocrx_word' id='word_1_95' title='bbox 543 1249 612 1331; x_wconf 90' lang='lat' dir='ltr'>ipsc</span> <span class='ocrx_word' id='word_1_96' title='bbox 634 1246 695 1309; x_wconf 87' lang='lat' dir='ltr'>sibi</span> <span class='ocrx_word' id='word_1_97' title='bbox 715 1249 838 1328; x_wconf 71' lang='lat' dir='ltr'>nocuit,</span> <span class='ocrx_word' id='word_1_98' title='bbox 862 1269 939 1310; x_wconf 88' lang='lat' dir='ltr'>nam</span> <span class='ocrx_word' id='word_1_99' title='bbox 959 1247 1037 1310; x_wconf 90' lang='lat' dir='ltr'>dum</span> <span class='ocrx_word' id='word_1_100' title='bbox 1056 1246 1135 1311; x_wconf 90' lang='lat' dir='ltr'>nihil</span> <span class='ocrx_word' id='word_1_101' title='bbox 1156 1270 1225 1312; x_wconf 94' lang='lat' dir='ltr'>non</span> <span class='ocrx_word' id='word_1_102' title='bbox 1248 1250 1341 1315; x_wconf 89' lang='lat' dir='ltr'>sche-</span> <span class='ocrx_word' id='word_1_103' title='bbox 1357 1268 1378 1317; x_wconf 81' lang='lat' dir='ltr'>lt</span> 
     </span>
     <span class='ocr_line' id='line_1_12' title="bbox 123 1351 1342 1441; baseline 0.002 -23"><span class='ocrx_word' id='word_1_104' title='bbox 123 1364 209 1419; x_wconf 87' lang='lat' dir='ltr'>mate</span> <span class='ocrx_word' id='word_1_105' title='bbox 229 1353 339 1417; x_wconf 86' lang='lat' dir='ltr'>dicere</span> <span class='ocrx_word' id='word_1_106' title='bbox 361 1353 459 1437; x_wconf 88' lang='lat' dir='ltr'>cupit,</span> <span class='ocrx_word' id='word_1_107' title='bbox 481 1353 580 1414; x_wconf 88' lang='lat' dir='ltr'>oratio</span> <span class='ocrx_word' id='word_1_108' title='bbox 597 1353 665 1414; x_wconf 91' lang='lat' dir='ltr'>eius</span> <span class='ocrx_word' id='word_1_109' title='bbox 682 1372 746 1415; x_wconf 93' lang='lat' dir='ltr'>non</span> <span class='ocrx_word' id='word_1_110' title='bbox 761 1352 900 1435; x_wconf 85' lang='lat' dir='ltr'>figurata</span> <span class='ocrx_word' id='word_1_111' title='bbox 916 1360 995 1434; x_wconf 86' lang='lat' dir='ltr'>erat,</span> <span class='ocrx_word' id='word_1_112' title='bbox 1012 1351 1070 1414; x_wconf 90' lang='lat' dir='ltr'>sed</span> <span class='ocrx_word' id='word_1_113' title='bbox 1085 1373 1200 1436; x_wconf 88' lang='lat' dir='ltr'>prava.</span> <span class='ocrx_word' id='word_1_114' title='bbox 1225 1355 1342 1441; x_wconf 86' lang='lat' dir='ltr'>itaque</span> 
     </span>
     <span class='ocr_line' id='line_1_13' title="bbox 124 1455 1342 1543; baseline 0.001 -20"><span class='ocrx_word' id='word_1_115' title='bbox 124 1482 189 1524; x_wconf 93' lang='lat' dir='ltr'>non</span> <span class='ocrx_word' id='word_1_116' title='bbox 202 1456 362 1522; x_wconf 87' lang='lat' dir='ltr'>inurbane</span> <span class='ocrx_word' id='word_1_117' title='bbox 378 1457 528 1519; x_wconf 76' lang='lat' dir='ltr'>Pscnrvs</span> <span class='ocrx_word' id='word_1_118' title='bbox 544 1455 662 1537; x_wconf 86' lang='lat' dir='ltr'>rhetor,</span> <span class='ocrx_word' id='word_1_119' title='bbox 685 1478 760 1519; x_wconf 91' lang='lat' dir='ltr'>cum</span> <span class='ocrx_word' id='word_1_120' title='bbox 774 1455 819 1519; x_wconf 92' lang='lat' dir='ltr'>illi</span> <span class='ocrx_word' id='word_1_121' title='bbox 834 1456 998 1520; x_wconf 86' lang='lat' dir='ltr'>Massiliae</span> <span class='ocrx_word' id='word_1_122' title='bbox 1014 1478 1109 1520; x_wconf 86' lang='lat' dir='ltr'>mane</span> <span class='ocrx_word' id='word_1_123' title='bbox 1126 1460 1342 1543; x_wconf 88' lang='lat' dir='ltr'>occurrisset,</span> 
     </span>
     <span class='ocr_line' id='line_1_14' title="bbox 125 1559 1340 1645; baseline -0.001 -18"><span class='ocrx_word' id='word_1_124' title='bbox 125 1562 290 1628; x_wconf 85' lang='lat' dir='ltr'>schcmate</span> <span class='ocrx_word' id='word_1_125' title='bbox 313 1561 403 1624; x_wconf 92' lang='lat' dir='ltr'>illum</span> <span class='ocrx_word' id='word_1_126' title='bbox 426 1560 591 1623; x_wconf 83' lang='lat' dir='ltr'>salutavit:</span> <span class='ocrx_word' id='word_1_127' title='bbox 617 1559 780 1645; x_wconf 80' lang='lat' dir='ltr'>‘poteram&#39;</span> <span class='ocrx_word' id='word_1_128' title='bbox 801 1561 904 1645; x_wconf 92' lang='lat' dir='ltr'>inquit</span> <span class='ocrx_word' id='word_1_129' title='bbox 924 1560 1059 1625; x_wconf 79' lang='lat' dir='ltr'>‘dicerez</span> <span class='ocrx_word' id='word_1_130' title='bbox 1083 1583 1155 1643; x_wconf 87' lang='lat' dir='ltr'>avc,</span> <span class='ocrx_word' id='word_1_131' title='bbox 1178 1562 1340 1626; x_wconf 80' lang='lat' dir='ltr'>mosche&#39;.</span> 
     </span>
     <span class='ocr_line' id='line_1_15' title="bbox 123 1663 1342 1753; baseline 0.002 -23"><span class='ocrx_word' id='word_1_132' title='bbox 123 1669 193 1753; x_wconf 88' lang='lat' dir='ltr'>ipsc</span> <span class='ocrx_word' id='word_1_133' title='bbox 213 1666 255 1730; x_wconf 92' lang='lat' dir='ltr'>ab</span> <span class='ocrx_word' id='word_1_134' title='bbox 277 1665 459 1750; x_wconf 88' lang='lat' dir='ltr'>eloquentia</span> <span class='ocrx_word' id='word_1_135' title='bbox 480 1663 616 1727; x_wconf 92' lang='lat' dir='ltr'>multum</span> <span class='ocrx_word' id='word_1_136' title='bbox 635 1663 764 1745; x_wconf 69' lang='lat' dir='ltr'>aberat,</span> <span class='ocrx_word' id='word_1_137' title='bbox 790 1672 884 1727; x_wconf 91' lang='lat' dir='ltr'>natus</span> <span class='ocrx_word' id='word_1_138' title='bbox 901 1664 943 1728; x_wconf 92' lang='lat' dir='ltr'>ad</span> <span class='ocrx_word' id='word_1_139' title='bbox 961 1664 1173 1728; x_wconf 87' lang='lat' dir='ltr'>contumelias</span> <span class='ocrx_word' id='word_1_140' title='bbox 1191 1669 1342 1733; x_wconf 91' lang='lat' dir='ltr'>omnium</span> 
     </span>
     <span class='ocr_line' id='line_1_16' title="bbox 123 1767 1378 1855; baseline 0.002 -21"><span class='ocrx_word' id='word_1_141' title='bbox 123 1772 261 1855; x_wconf 82' lang='lat' dir='ltr'>ingeniis</span> <span class='ocrx_word' id='word_1_142' title='bbox 283 1768 470 1851; x_wconf 85' lang='lat' dir='ltr'>inurendas,</span> <span class='ocrx_word' id='word_1_143' title='bbox 499 1768 577 1831; x_wconf 92' lang='lat' dir='ltr'>nulli</span> <span class='ocrx_word' id='word_1_144' title='bbox 592 1789 657 1831; x_wconf 93' lang='lat' dir='ltr'>non</span> <span class='ocrx_word' id='word_1_145' title='bbox 676 1769 828 1853; x_wconf 88' lang='lat' dir='ltr'>inpressit</span> <span class='ocrx_word' id='word_1_146' title='bbox 843 1767 976 1852; x_wconf 88' lang='lat' dir='ltr'>aliquid,</span> <span class='ocrx_word' id='word_1_147' title='bbox 1000 1768 1086 1853; x_wconf 91' lang='lat' dir='ltr'>quod</span> <span class='ocrx_word' id='word_1_148' title='bbox 1103 1769 1256 1853; x_wconf 85' lang='lat' dir='ltr'>effugere</span> <span class='ocrx_word' id='word_1_149' title='bbox 1275 1793 1341 1835; x_wconf 89' lang='lat' dir='ltr'>non</span> <span class='ocrx_word' id='word_1_150' title='bbox 1357 1788 1378 1837; x_wconf 82' lang='lat' dir='ltr'>n</span> 
     </span>
    </p>
   </div>
   <div class='ocr_carea' id='block_1_3' title="bbox 35 2025 1340 3743">
    <p class='ocr_par' dir='ltr' id='par_1_3' title="bbox 123 2025 1340 3483">
     <span class='ocr_line' id='line_1_17' title="bbox 213 2025 1340 2099; baseline 0.002 -19"><span class='ocrx_word' id='word_1_151' title='bbox 213 2037 292 2081; x_wconf 83' lang='lat' dir='ltr'>GDM</span> <span class='ocrx_word' id='word_1_152' title='bbox 308 2036 318 2079; x_wconf 94' lang='lat' dir='ltr'>l</span> <span class='ocrx_word' id='word_1_153' title='bbox 334 2032 444 2080; x_wconf 89' lang='lat' dir='ltr'>subiciis</span> <span class='ocrx_word' id='word_1_154' title='bbox 456 2031 499 2078; x_wconf 90' lang='lat' dir='ltr'>M¹</span> <span class='ocrx_word' id='word_1_155' title='bbox 512 2048 577 2080; x_wconf 81' lang='lat' dir='ltr'>corr.</span> <span class='ocrx_word' id='word_1_156' title='bbox 587 2030 631 2079; x_wconf 82' lang='lat' dir='ltr'>M³</span> <span class='ocrx_word' id='word_1_157' title='bbox 643 2026 651 2095; x_wconf 90' lang='grc' dir='ltr'>Η</span> <span class='ocrx_word' id='word_1_158' title='bbox 664 2029 800 2078; x_wconf 90' lang='lat' dir='ltr'>montibus</span> <span class='ocrx_word' id='word_1_159' title='bbox 814 2033 859 2077; x_wconf 85' lang='lat' dir='ltr'>GD</span> <span class='ocrx_word' id='word_1_160' title='bbox 874 2029 990 2078; x_wconf 85' lang='lat' dir='ltr'>molibus</span> <span class='ocrx_word' id='word_1_161' title='bbox 1003 2035 1034 2077; x_wconf 98' lang='lat' dir='ltr'>M</span> <span class='ocrx_word' id='word_1_162' title='bbox 1046 2025 1054 2096; x_wconf 89' lang='grc' dir='ltr'>ΗΗ</span> <span class='ocrx_word' id='word_1_163' title='bbox 1067 2030 1170 2078; x_wconf 90' lang='lat' dir='ltr'>nemini</span> <span class='ocrx_word' id='word_1_164' title='bbox 1184 2036 1212 2078; x_wconf 92' lang='lat' dir='ltr'>V</span> <span class='ocrx_word' id='word_1_165' title='bbox 1224 2049 1277 2082; x_wconf 89' lang='lat' dir='ltr'>om.</span> <span class='ocrx_word' id='word_1_166' title='bbox 1289 2040 1322 2083; x_wconf 92' lang='lat' dir='ltr'>M</span> <span class='ocrx_word' id='word_1_167' title='bbox 1331 2030 1340 2099; x_wconf 96' lang='grc' dir='ltr'>Η</span> 
     </span>
     <span class='ocr_line' id='line_1_18' title="bbox 125 2114 1337 2188; baseline 0 -18"><span class='ocrx_word' id='word_1_168' title='bbox 125 2115 251 2188; x_wconf 61' lang='lat' dir='ltr'>summ</span> <span class='ocrx_word' id='word_1_169' title='bbox 263 2118 325 2179; x_wconf 89' lang='lat' dir='ltr'>(sim</span> <span class='ocrx_word' id='word_1_170' title='bbox 339 2116 371 2184; x_wconf 71' lang='lat' dir='ltr'>[i]</span> <span class='ocrx_word' id='word_1_171' title='bbox 385 2117 461 2181; x_wconf 80' lang='lat' dir='ltr'>eras.)</span> <span class='ocrx_word' id='word_1_172' title='bbox 475 2123 506 2166; x_wconf 94' lang='lat' dir='ltr'>M</span> <span class='ocrx_word' id='word_1_173' title='bbox 518 2114 526 2183; x_wconf 92' lang='grc' dir='ltr'>Η</span> <span class='ocrx_word' id='word_1_174' title='bbox 540 2120 555 2165; x_wconf 79' lang='grc'>2</span> <span class='ocrx_word' id='word_1_175' title='bbox 569 2119 647 2166; x_wconf 81' lang='lat' dir='ltr'>verbo</span> <span class='ocrx_word' id='word_1_176' title='bbox 659 2116 790 2180; x_wconf 90' lang='lat' dir='ltr'>quidquid</span> <span class='ocrx_word' id='word_1_177' title='bbox 803 2117 894 2165; x_wconf 90' lang='lat' dir='ltr'>avium</span> <span class='ocrx_word' id='word_1_178' title='bbox 907 2115 1005 2165; x_wconf 85' lang='lat' dir='ltr'>volitat</span> <span class='ocrx_word' id='word_1_179' title='bbox 1017 2133 1064 2166; x_wconf 76' lang='lat' dir='ltr'>oni.</span> <span class='ocrx_word' id='word_1_180' title='bbox 1076 2120 1122 2165; x_wconf 85' lang='lat' dir='ltr'>OD</span> <span class='ocrx_word' id='word_1_181' title='bbox 1134 2116 1210 2179; x_wconf 74' lang='lat' dir='ltr'>(add.</span> <span class='ocrx_word' id='word_1_182' title='bbox 1221 2119 1255 2183; x_wconf 83' lang='grc' dir='ltr'>τ)</span> <span class='ocrx_word' id='word_1_183' title='bbox 1270 2117 1279 2187; x_wconf 90' lang='grc' dir='ltr'>Η</span> <span class='ocrx_word' id='word_1_184' title='bbox 1291 2137 1337 2170; x_wconf 83' lang='lat' dir='ltr'>sec.</span> 
     </span>
     <span class='ocr_line' id='line_1_19' title="bbox 125 2199 1338 2273; baseline 0 -17"><span class='ocrx_word' id='word_1_185' title='bbox 125 2207 256 2273; x_wconf 89' lang='lat' dir='ltr'>quidquid</span> <span class='ocrx_word' id='word_1_186' title='bbox 268 2224 334 2256; x_wconf 79' lang='lat' dir='ltr'>corr.</span> <span class='ocrx_word' id='word_1_187' title='bbox 347 2222 379 2254; x_wconf 77' lang='lat' dir='ltr'>ex</span> <span class='ocrx_word' id='word_1_188' title='bbox 392 2205 505 2270; x_wconf 90' lang='lat' dir='ltr'>quiquid</span> <span class='ocrx_word' id='word_1_189' title='bbox 517 2210 549 2252; x_wconf 95' lang='lat' dir='ltr'>M</span> <span class='ocrx_word' id='word_1_190' title='bbox 560 2199 569 2270; x_wconf 97' lang='grc' dir='ltr'>Η</span> <span class='ocrx_word' id='word_1_191' title='bbox 582 2206 660 2252; x_wconf 74' lang='lat' dir='ltr'>oei-ba</span> <span class='ocrx_word' id='word_1_192' title='bbox 670 2203 800 2269; x_wconf 87' lang='lat' dir='ltr'>quidquid</span> <span class='ocrx_word' id='word_1_193' title='bbox 810 2204 927 2252; x_wconf 84' lang='lat' dir='ltr'>ferarum</span> <span class='ocrx_word' id='word_1_194' title='bbox 940 2221 988 2253; x_wconf 86' lang='lat' dir='ltr'>om.</span> <span class='ocrx_word' id='word_1_195' title='bbox 998 2204 1040 2252; x_wconf 92' lang='lat' dir='ltr'>M¹</span> <span class='ocrx_word' id='word_1_196' title='bbox 1051 2203 1113 2252; x_wconf 77' lang='lat' dir='ltr'>aoid.</span> <span class='ocrx_word' id='word_1_197' title='bbox 1125 2203 1169 2252; x_wconf 82' lang='lat' dir='ltr'>M²</span> <span class='ocrx_word' id='word_1_198' title='bbox 1181 2202 1190 2271; x_wconf 95' lang='grc' dir='ltr'>Η</span> <span class='ocrx_word' id='word_1_199' title='bbox 1203 2207 1338 2272; x_wconf 87' lang='lat' dir='ltr'>quicquid</span> 
     </span>
     <span class='ocr_line' id='line_1_20' title="bbox 124 2285 1336 2361; baseline 0 -18"><span class='ocrx_word' id='word_1_200' title='bbox 124 2292 235 2343; x_wconf 58' lang='lat' dir='ltr'><strong>VDMV)</strong></span> <span class='ocrx_word' id='word_1_201' title='bbox 254 2291 263 2361; x_wconf 88' lang='grc' dir='ltr'>ΗΗ</span> <span class='ocrx_word' id='word_1_202' title='bbox 282 2296 297 2342; x_wconf 87' lang='lat'>3</span> <span class='ocrx_word' id='word_1_203' title='bbox 310 2292 449 2357; x_wconf 87' lang='lat' dir='ltr'>tepellitur</span> <span class='ocrx_word' id='word_1_204' title='bbox 462 2296 513 2341; x_wconf 82' lang='lat' dir='ltr'>AB</span> <span class='ocrx_word' id='word_1_205' title='bbox 532 2291 676 2355; x_wconf 89' lang='lat' dir='ltr'>deponitur</span> <span class='ocrx_word' id='word_1_206' title='bbox 689 2295 739 2338; x_wconf 92' lang='lat' dir='ltr'>VD</span> <span class='ocrx_word' id='word_1_207' title='bbox 758 2285 767 2353; x_wconf 97' lang='grc' dir='ltr'>Η</span> <span class='ocrx_word' id='word_1_208' title='bbox 786 2306 839 2355; x_wconf 89' lang='lat' dir='ltr'>que</span> <span class='ocrx_word' id='word_1_209' title='bbox 852 2295 903 2338; x_wconf 86' lang='lat' dir='ltr'>AB</span> <span class='ocrx_word' id='word_1_210' title='bbox 916 2292 961 2355; x_wconf 90' lang='lat' dir='ltr'>qui</span> <span class='ocrx_word' id='word_1_211' title='bbox 976 2295 1026 2338; x_wconf 92' lang='lat' dir='ltr'>VD</span> <span class='ocrx_word' id='word_1_212' title='bbox 1041 2306 1124 2354; x_wconf 88' lang='lat' dir='ltr'>quere</span> <span class='ocrx_word' id='word_1_213' title='bbox 1137 2296 1169 2339; x_wconf 92' lang='lat' dir='ltr'>M</span> <span class='ocrx_word' id='word_1_214' title='bbox 1189 2307 1280 2357; x_wconf 85' lang='lat' dir='ltr'>quare</span> <span class='ocrx_word' id='word_1_215' title='bbox 1292 2299 1316 2343; x_wconf 88' lang='lat' dir='ltr'>P</span> <span class='ocrx_word' id='word_1_216' title='bbox 1327 2292 1336 2361; x_wconf 90' lang='grc' dir='ltr'>Η</span> 
     </span>
     <span class='ocr_line' id='line_1_21' title="bbox 123 2373 1337 2446; baseline 0 -16"><span class='ocrx_word' id='word_1_217' title='bbox 123 2384 140 2430; x_wconf 89' lang='grc'>4</span> <span class='ocrx_word' id='word_1_218' title='bbox 159 2379 216 2446; x_wconf 81' lang='lat' dir='ltr'>cur]</span> <span class='ocrx_word' id='word_1_219' title='bbox 237 2396 298 2429; x_wconf 88' lang='lat' dir='ltr'>cum</span> <span class='ocrx_word' id='word_1_220' title='bbox 312 2384 362 2426; x_wconf 91' lang='lat' dir='ltr'>VD</span> <span class='ocrx_word' id='word_1_221' title='bbox 381 2374 389 2443; x_wconf 93' lang='grc' dir='ltr'>Η</span> <span class='ocrx_word' id='word_1_222' title='bbox 408 2394 470 2442; x_wconf 80' lang='lat' dir='ltr'>ergo</span> <span class='ocrx_word' id='word_1_223' title='bbox 490 2381 584 2426; x_wconf 73' lang='lat' dir='ltr'>innuo.</span> <span class='ocrx_word' id='word_1_224' title='bbox 599 2382 624 2424; x_wconf 91' lang='lat' dir='ltr'>V</span> <span class='ocrx_word' id='word_1_225' title='bbox 641 2373 650 2442; x_wconf 97' lang='grc' dir='ltr'>Η</span> <span class='ocrx_word' id='word_1_226' title='bbox 669 2378 723 2425; x_wconf 84' lang='lat' dir='ltr'>ecsi</span> <span class='ocrx_word' id='word_1_227' title='bbox 742 2378 796 2425; x_wconf 88' lang='lat' dir='ltr'>iam</span> <span class='ocrx_word' id='word_1_228' title='bbox 815 2383 847 2425; x_wconf 95' lang='lat' dir='ltr'>M</span> <span class='ocrx_word' id='word_1_229' title='bbox 865 2373 873 2441; x_wconf 89' lang='grc' dir='ltr'>Η</span> <span class='ocrx_word' id='word_1_230' title='bbox 892 2378 908 2424; x_wconf 85' lang='grc'>5</span> <span class='ocrx_word' id='word_1_231' title='bbox 927 2392 1009 2425; x_wconf 90' lang='lat' dir='ltr'>manu</span> <span class='ocrx_word' id='word_1_232' title='bbox 1028 2378 1111 2425; x_wconf 87' lang='lat' dir='ltr'>misus</span> <span class='ocrx_word' id='word_1_233' title='bbox 1131 2378 1174 2424; x_wconf 89' lang='lat' dir='ltr'>M¹</span> <span class='ocrx_word' id='word_1_234' title='bbox 1188 2396 1258 2429; x_wconf 83' lang='lat' dir='ltr'>corr.</span> <span class='ocrx_word' id='word_1_235' title='bbox 1273 2377 1337 2445; x_wconf 70' lang='lat' dir='ltr'>M²ll</span> 
     </span>
     <span class='ocr_line' id='line_1_22' title="bbox 124 2460 1336 2529; baseline -0.002 -12"><span class='ocrx_word' id='word_1_236' title='bbox 124 2470 189 2518; x_wconf 84' lang='lat' dir='ltr'>satis</span> <span class='ocrx_word' id='word_1_237' title='bbox 208 2467 266 2516; x_wconf 85' lang='lat' dir='ltr'>fieri</span> <span class='ocrx_word' id='word_1_238' title='bbox 289 2484 355 2515; x_wconf 81' lang='lat' dir='ltr'>corr.</span> <span class='ocrx_word' id='word_1_239' title='bbox 374 2482 406 2514; x_wconf 83' lang='lat' dir='ltr'>err</span> <span class='ocrx_word' id='word_1_240' title='bbox 424 2464 519 2513; x_wconf 87' lang='lat' dir='ltr'>salutis</span> <span class='ocrx_word' id='word_1_241' title='bbox 537 2463 596 2512; x_wconf 87' lang='lat' dir='ltr'>fieri</span> <span class='ocrx_word' id='word_1_242' title='bbox 614 2469 640 2510; x_wconf 92' lang='lat' dir='ltr'><strong>V</strong></span> <span class='ocrx_word' id='word_1_243' title='bbox 660 2462 767 2512; x_wconf 83' lang='lat' dir='ltr'>calceus</span> <span class='ocrx_word' id='word_1_244' title='bbox 786 2462 844 2512; x_wconf 90' lang='lat' dir='ltr'>fieri</span> <span class='ocrx_word' id='word_1_245' title='bbox 862 2470 886 2511; x_wconf 92' lang='lat' dir='ltr'>D</span> <span class='ocrx_word' id='word_1_246' title='bbox 910 2460 918 2529; x_wconf 92' lang='grc' dir='ltr'>Η</span> <span class='ocrx_word' id='word_1_247' title='bbox 941 2479 991 2512; x_wconf 88' lang='lat' dir='ltr'>nec</span> <span class='ocrx_word' id='word_1_248' title='bbox 1009 2461 1078 2528; x_wconf 80' lang='lat' dir='ltr'>sum]</span> <span class='ocrx_word' id='word_1_249' title='bbox 1099 2479 1172 2512; x_wconf 91' lang='lat' dir='ltr'>nunc</span> <span class='ocrx_word' id='word_1_250' title='bbox 1191 2472 1259 2515; x_wconf 87' lang='lat' dir='ltr'>sunt</span> <span class='ocrx_word' id='word_1_251' title='bbox 1279 2473 1312 2516; x_wconf 91' lang='lat' dir='ltr'>M</span> <span class='ocrx_word' id='word_1_252' title='bbox 1328 2464 1336 2527; x_wconf 74' lang='grc' dir='ltr'>Η</span> 
     </span>
     <span class='ocr_line' id='line_1_23' title="bbox 126 2547 1336 2617; baseline -0.002 -13"><span class='ocrx_word' id='word_1_253' title='bbox 126 2557 140 2604; x_wconf 88' lang='grc'>6</span> <span class='ocrx_word' id='word_1_254' title='bbox 154 2557 232 2604; x_wconf 76' lang='lat' dir='ltr'>verba</span> <span class='ocrx_word' id='word_1_255' title='bbox 245 2555 291 2617; x_wconf 92' lang='lat' dir='ltr'>qui</span> <span class='ocrx_word' id='word_1_256' title='bbox 305 2554 395 2601; x_wconf 87' lang='lat' dir='ltr'>omnia</span> <span class='ocrx_word' id='word_1_257' title='bbox 407 2552 441 2600; x_wconf 88' lang='lat' dir='ltr'>ad</span> <span class='ocrx_word' id='word_1_258' title='bbox 453 2569 500 2600; x_wconf 77' lang='lat' dir='ltr'>orn.</span> <span class='ocrx_word' id='word_1_259' title='bbox 514 2557 546 2598; x_wconf 94' lang='lat' dir='ltr'>M</span> <span class='ocrx_word' id='word_1_260' title='bbox 564 2547 572 2617; x_wconf 88' lang='grc' dir='ltr'>ΗΗ</span> <span class='ocrx_word' id='word_1_261' title='bbox 590 2556 679 2599; x_wconf 87' lang='lat' dir='ltr'>cxtam</span> <span class='ocrx_word' id='word_1_262' title='bbox 692 2555 719 2598; x_wconf 99' lang='lat' dir='ltr'>A</span> <span class='ocrx_word' id='word_1_263' title='bbox 738 2555 860 2598; x_wconf 83' lang='lat' dir='ltr'>exactam</span> <span class='ocrx_word' id='word_1_264' title='bbox 874 2550 902 2614; x_wconf 89' lang='lat' dir='ltr'>(c</span> <span class='ocrx_word' id='word_1_265' title='bbox 913 2550 972 2599; x_wconf 80' lang='lat' dir='ltr'>rad.</span> <span class='ocrx_word' id='word_1_266' title='bbox 987 2568 1052 2599; x_wconf 83' lang='lat' dir='ltr'>corr.</span> <span class='ocrx_word' id='word_1_267' title='bbox 1065 2567 1096 2599; x_wconf 77' lang='lat' dir='ltr'>err</span> <span class='ocrx_word' id='word_1_268' title='bbox 1109 2550 1136 2611; x_wconf 89' lang='lat' dir='ltr'>d)</span> <span class='ocrx_word' id='word_1_269' title='bbox 1150 2555 1182 2598; x_wconf 91' lang='lat' dir='ltr'>M</span> <span class='ocrx_word' id='word_1_270' title='bbox 1201 2549 1209 2617; x_wconf 83' lang='grc' dir='ltr'>Η</span> <span class='ocrx_word' id='word_1_271' title='bbox 1229 2554 1245 2599; x_wconf 83' lang='grc'>7</span> <span class='ocrx_word' id='word_1_272' title='bbox 1267 2554 1336 2603; x_wconf 87' lang='lat' dir='ltr'>deri-</span> 
     </span>
     <span class='ocr_line' id='line_1_24' title="bbox 125 2636 1336 2706; baseline 0 -16"><span class='ocrx_word' id='word_1_273' title='bbox 125 2638 198 2706; x_wconf 82' lang='lat' dir='ltr'>gam]</span> <span class='ocrx_word' id='word_1_274' title='bbox 216 2640 279 2699; x_wconf 73' lang='lat' dir='ltr'>Kar,</span> <span class='ocrx_word' id='word_1_275' title='bbox 297 2640 351 2700; x_wconf 78' lang='lat' dir='ltr'>Ml,-</span> <span class='ocrx_word' id='word_1_276' title='bbox 373 2639 490 2688; x_wconf 89' lang='lat' dir='ltr'>redicam</span> <span class='ocrx_word' id='word_1_277' title='bbox 510 2643 560 2686; x_wconf 91' lang='lat' dir='ltr'>AB</span> <span class='ocrx_word' id='word_1_278' title='bbox 584 2638 705 2701; x_wconf 82' lang='lat' dir='ltr'>redigam</span> <span class='ocrx_word' id='word_1_279' title='bbox 725 2642 775 2684; x_wconf 92' lang='lat' dir='ltr'>VD</span> <span class='ocrx_word' id='word_1_280' title='bbox 794 2636 916 2685; x_wconf 90' lang='lat' dir='ltr'>redicant</span> <span class='ocrx_word' id='word_1_281' title='bbox 934 2654 1000 2686; x_wconf 82' lang='lat' dir='ltr'>corr.</span> <span class='ocrx_word' id='word_1_282' title='bbox 1019 2654 1051 2685; x_wconf 73' lang='lat' dir='ltr'>cc</span> <span class='ocrx_word' id='word_1_283' title='bbox 1068 2636 1201 2686; x_wconf 88' lang='lat' dir='ltr'>reducant</span> <span class='ocrx_word' id='word_1_284' title='bbox 1219 2639 1266 2687; x_wconf 87' lang='lat' dir='ltr'>M¹</span> <span class='ocrx_word' id='word_1_285' title='bbox 1286 2641 1336 2690; x_wconf 90' lang='lat' dir='ltr'>rei-</span> 
     </span>
     <span class='ocr_line' id='line_1_25' title="bbox 124 2720 1336 2793; baseline -0.001 -17"><span class='ocrx_word' id='word_1_286' title='bbox 124 2729 215 2776; x_wconf 89' lang='lat' dir='ltr'>dicant</span> <span class='ocrx_word' id='word_1_287' title='bbox 234 2727 300 2774; x_wconf 75' lang='lat' dir='ltr'>M³P</span> <span class='ocrx_word' id='word_1_288' title='bbox 324 2726 448 2790; x_wconf 80' lang='lat' dir='ltr'>redigant</span> <span class='ocrx_word' id='word_1_289' title='bbox 467 2722 517 2791; x_wconf 77' lang='grc' dir='ltr'>αβ,</span> <span class='ocrx_word' id='word_1_290' title='bbox 541 2724 667 2772; x_wconf 85' lang='lat' dir='ltr'>reducam</span> <span class='ocrx_word' id='word_1_291' title='bbox 687 2724 724 2772; x_wconf 83' lang='lat' dir='ltr'>Bs</span> <span class='ocrx_word' id='word_1_292' title='bbox 747 2720 755 2785; x_wconf 65' lang='lat' dir='ltr'>,l</span> <span class='ocrx_word' id='word_1_293' title='bbox 779 2722 905 2771; x_wconf 91' lang='lat' dir='ltr'>donanda</span> <span class='ocrx_word' id='word_1_294' title='bbox 927 2740 993 2772; x_wconf 81' lang='lat' dir='ltr'>corr.</span> <span class='ocrx_word' id='word_1_295' title='bbox 1012 2740 1044 2773; x_wconf 67' lang='lat' dir='ltr'>ear</span> <span class='ocrx_word' id='word_1_296' title='bbox 1066 2723 1183 2771; x_wconf 81' lang='lat' dir='ltr'>donante</span> <span class='ocrx_word' id='word_1_297' title='bbox 1207 2731 1239 2773; x_wconf 94' lang='lat' dir='ltr'>M</span> <span class='ocrx_word' id='word_1_298' title='bbox 1264 2723 1273 2793; x_wconf 96' lang='grc' dir='ltr'>Η</span> <span class='ocrx_word' id='word_1_299' title='bbox 1297 2728 1336 2776; x_wconf 90' lang='lat' dir='ltr'>in-</span> 
     </span>
     <span class='ocr_line' id='line_1_26' title="bbox 124 2806 1337 2879; baseline -0.002 -16"><span class='ocrx_word' id='word_1_300' title='bbox 124 2815 201 2879; x_wconf 79' lang='lat' dir='ltr'>genis</span> <span class='ocrx_word' id='word_1_301' title='bbox 219 2818 270 2861; x_wconf 90' lang='lat' dir='ltr'>AB</span> <span class='ocrx_word' id='word_1_302' title='bbox 290 2813 417 2876; x_wconf 79' lang='lat' dir='ltr'>ingenuis</span> <span class='ocrx_word' id='word_1_303' title='bbox 435 2817 461 2858; x_wconf 91' lang='lat' dir='ltr'><strong>V</strong></span> <span class='ocrx_word' id='word_1_304' title='bbox 479 2808 487 2877; x_wconf 89' lang='grc' dir='ltr'>Η</span> <span class='ocrx_word' id='word_1_305' title='bbox 511 2826 539 2859; x_wconf 86' lang='lat' dir='ltr'>se</span> <span class='ocrx_word' id='word_1_306' title='bbox 558 2828 623 2859; x_wconf 81' lang='lat' dir='ltr'>corr.</span> <span class='ocrx_word' id='word_1_307' title='bbox 642 2827 674 2860; x_wconf 75' lang='lat' dir='ltr'>ex</span> <span class='ocrx_word' id='word_1_308' title='bbox 692 2826 720 2858; x_wconf 90' lang='lat' dir='ltr'>so</span> <span class='ocrx_word' id='word_1_309' title='bbox 739 2815 763 2857; x_wconf 92' lang='lat' dir='ltr'>B</span> <span class='ocrx_word' id='word_1_310' title='bbox 787 2806 795 2873; x_wconf 97' lang='grc' dir='ltr'>Η</span> <span class='ocrx_word' id='word_1_311' title='bbox 818 2812 834 2857; x_wconf 83' lang='grc'>8</span> <span class='ocrx_word' id='word_1_312' title='bbox 853 2815 979 2873; x_wconf 89' lang='lat' dir='ltr'>portanta</span> <span class='ocrx_word' id='word_1_313' title='bbox 998 2807 1051 2857; x_wconf 90' lang='lat' dir='ltr'>A</span> <span class='ocrx_word' id='word_1_314' title='bbox 1070 2809 1264 2861; x_wconf 88' lang='lat' dir='ltr'>tollerabiliter</span> <span class='ocrx_word' id='word_1_315' title='bbox 1284 2818 1312 2860; x_wconf 94' lang='lat' dir='ltr'><strong>V</strong></span> <span class='ocrx_word' id='word_1_316' title='bbox 1328 2812 1337 2879; x_wconf 93' lang='grc' dir='ltr'>Η</span> 
     </span>
     <span class='ocr_line' id='line_1_27' title="bbox 126 2892 1336 2965; baseline 0.002 -18"><span class='ocrx_word' id='word_1_317' title='bbox 126 2916 183 2949; x_wconf 83' lang='lat' dir='ltr'>sum</span> <span class='ocrx_word' id='word_1_318' title='bbox 205 2904 256 2947; x_wconf 91' lang='lat' dir='ltr'>AB</span> <span class='ocrx_word' id='word_1_319' title='bbox 279 2895 288 2965; x_wconf 89' lang='grc' dir='ltr'>ΗΗ</span> <span class='ocrx_word' id='word_1_320' title='bbox 310 2897 472 2946; x_wconf 86' lang='lat' dir='ltr'>subtrahant</span> <span class='ocrx_word' id='word_1_321' title='bbox 494 2903 525 2945; x_wconf 92' lang='lat' dir='ltr'>M</span> <span class='ocrx_word' id='word_1_322' title='bbox 547 2894 555 2963; x_wconf 87' lang='grc' dir='ltr'>ΗΗ</span> <span class='ocrx_word' id='word_1_323' title='bbox 579 2900 593 2945; x_wconf 72' lang='lat' dir='ltr'>‘i</span> <span class='ocrx_word' id='word_1_324' title='bbox 616 2896 681 2945; x_wconf 89' lang='lat' dir='ltr'>licet</span> <span class='ocrx_word' id='word_1_325' title='bbox 703 2913 750 2945; x_wconf 72' lang='lat' dir='ltr'>ons</span> <span class='ocrx_word' id='word_1_326' title='bbox 770 2902 809 2956; x_wconf 87' lang='lat' dir='ltr'>M,</span> <span class='ocrx_word' id='word_1_327' title='bbox 824 2897 891 2959; x_wconf 83' lang='lat' dir='ltr'>fort.</span> <span class='ocrx_word' id='word_1_328' title='bbox 912 2895 976 2945; x_wconf 89' lang='lat' dir='ltr'>licet</span> <span class='ocrx_word' id='word_1_329' title='bbox 997 2896 1102 2960; x_wconf 72' lang='lat' dir='ltr'>(nunc)</span> <span class='ocrx_word' id='word_1_330' title='bbox 1126 2896 1165 2946; x_wconf 76' lang='lat' dir='ltr'>Ga</span> <span class='ocrx_word' id='word_1_331' title='bbox 1187 2892 1196 2961; x_wconf 80' lang='grc' dir='ltr'>Η</span> <span class='ocrx_word' id='word_1_332' title='bbox 1219 2898 1336 2949; x_wconf 77' lang='lat' dir='ltr'>subitis-</span> 
     </span>
     <span class='ocr_line' id='line_1_28' title="bbox 126 2982 1337 3052; baseline -0.003 -17"><span class='ocrx_word' id='word_1_333' title='bbox 126 2992 169 3035; x_wconf 89' lang='lat' dir='ltr'>tur</span> <span class='ocrx_word' id='word_1_334' title='bbox 182 2992 213 3034; x_wconf 92' lang='lat' dir='ltr'>M</span> <span class='ocrx_word' id='word_1_335' title='bbox 228 2982 238 3052; x_wconf 88' lang='grc' dir='ltr'>ΗΗ</span> <span class='ocrx_word' id='word_1_336' title='bbox 256 2988 334 3034; x_wconf 79' lang='lat' dir='ltr'>cerba</span> <span class='ocrx_word' id='word_1_337' title='bbox 352 2987 374 3032; x_wconf 91' lang='lat' dir='ltr'>si</span> <span class='ocrx_word' id='word_1_338' title='bbox 394 3000 447 3048; x_wconf 87' lang='lat' dir='ltr'>qua</span> <span class='ocrx_word' id='word_1_339' title='bbox 466 2987 480 3045; x_wconf 94' lang='lat'><em>(</em></span> <span class='ocrx_word' id='word_1_340' title='bbox 496 3021 502 3033; x_wconf 82' lang='lat'><strong>.</strong></span> <span class='ocrx_word' id='word_1_341' title='bbox 520 2987 550 3045; x_wconf 79' lang='grc'>8)</span> <span class='ocrx_word' id='word_1_342' title='bbox 571 3022 616 3033; x_wconf 89' lang='lat'>...</span> <span class='ocrx_word' id='word_1_343' title='bbox 636 2984 775 3032; x_wconf 84' lang='lat' dir='ltr'>subiciatis</span> <span class='ocrx_word' id='word_1_344' title='bbox 789 2990 849 3048; x_wconf 78' lang='lat' dir='ltr'>post</span> <span class='ocrx_word' id='word_1_345' title='bbox 866 2988 949 3032; x_wconf 89' lang='lat' dir='ltr'>restat</span> <span class='ocrx_word' id='word_1_346' title='bbox 969 2986 1006 3047; x_wconf 86' lang='lat' dir='ltr'>(p.</span> <span class='ocrx_word' id='word_1_347' title='bbox 1020 2986 1080 3044; x_wconf 80' lang='lat'>451,</span> <span class='ocrx_word' id='word_1_348' title='bbox 1094 2986 1139 3044; x_wconf 86' lang='lat'>10)</span> <span class='ocrx_word' id='word_1_349' title='bbox 1159 2990 1263 3049; x_wconf 74' lang='lat' dir='ltr'>tranop.</span> <span class='ocrx_word' id='word_1_350' title='bbox 1285 3004 1337 3038; x_wconf 66' lang='lat' dir='ltr'>em</span> 
     </span>
     <span class='ocr_line' id='line_1_29' title="bbox 125 3068 1336 3138; baseline 0.001 -16"><span class='ocrx_word' id='word_1_351' title='bbox 125 3090 190 3122; x_wconf 80' lang='lat' dir='ltr'>cens.</span> <span class='ocrx_word' id='word_1_352' title='bbox 213 3073 251 3123; x_wconf 81' lang='lat' dir='ltr'>Gz</span> <span class='ocrx_word' id='word_1_353' title='bbox 274 3069 283 3138; x_wconf 90' lang='grc' dir='ltr'>Η</span> <span class='ocrx_word' id='word_1_354' title='bbox 305 3069 441 3136; x_wconf 89' lang='lat' dir='ltr'>Moschus]</span> <span class='ocrx_word' id='word_1_355' title='bbox 466 3071 518 3131; x_wconf 53' lang='lat' dir='ltr'>Ra·</span> <span class='ocrx_word' id='word_1_356' title='bbox 541 3086 618 3119; x_wconf 86' lang='lat' dir='ltr'>oscus</span> <span class='ocrx_word' id='word_1_357' title='bbox 642 3075 665 3118; x_wconf 93' lang='grc' dir='ltr'>Ο</span> <span class='ocrx_word' id='word_1_358' title='bbox 688 3068 697 3137; x_wconf 88' lang='grc' dir='ltr'>ΗΗ</span> <span class='ocrx_word' id='word_1_359' title='bbox 723 3072 754 3118; x_wconf 89' lang='grc'>10</span> <span class='ocrx_word' id='word_1_360' title='bbox 778 3070 934 3119; x_wconf 87' lang='lat' dir='ltr'>commadae</span> <span class='ocrx_word' id='word_1_361' title='bbox 953 3070 995 3118; x_wconf 83' lang='lat' dir='ltr'>M¹</span> <span class='ocrx_word' id='word_1_362' title='bbox 1018 3071 1205 3119; x_wconf 84' lang='lat' dir='ltr'>incominadae</span> <span class='ocrx_word' id='word_1_363' title='bbox 1225 3072 1271 3121; x_wconf 84' lang='lat' dir='ltr'>M²</span> <span class='ocrx_word' id='word_1_364' title='bbox 1297 3076 1336 3123; x_wconf 89' lang='lat' dir='ltr'>in·</span> 
     </span>
     <span class='ocr_line' id='line_1_30' title="bbox 126 3154 1335 3228; baseline 0.002 -20"><span class='ocrx_word' id='word_1_365' title='bbox 126 3160 282 3209; x_wconf 87' lang='lat' dir='ltr'>commodae</span> <span class='ocrx_word' id='word_1_366' title='bbox 301 3160 344 3206; x_wconf 70' lang='lat' dir='ltr'>M²3</span> <span class='ocrx_word' id='word_1_367' title='bbox 362 3155 370 3221; x_wconf 92' lang='grc' dir='ltr'>Η</span> <span class='ocrx_word' id='word_1_368' title='bbox 389 3157 440 3205; x_wconf 90' lang='lat' dir='ltr'>sihi</span> <span class='ocrx_word' id='word_1_369' title='bbox 460 3156 498 3220; x_wconf 88' lang='lat' dir='ltr'>(bi</span> <span class='ocrx_word' id='word_1_370' title='bbox 518 3174 582 3205; x_wconf 83' lang='lat' dir='ltr'>corr.</span> <span class='ocrx_word' id='word_1_371' title='bbox 602 3174 634 3206; x_wconf 78' lang='lat' dir='ltr'>ec·</span> <span class='ocrx_word' id='word_1_372' title='bbox 653 3158 680 3205; x_wconf 90' lang='lat' dir='ltr'>ni</span> <span class='ocrx_word' id='word_1_373' title='bbox 694 3154 725 3222; x_wconf 65' lang='grc'>[11</span> <span class='ocrx_word' id='word_1_374' title='bbox 746 3156 798 3220; x_wconf 68' lang='lat' dir='ltr'>Ml)</span> <span class='ocrx_word' id='word_1_375' title='bbox 819 3163 851 3204; x_wconf 92' lang='lat' dir='ltr'>M</span> <span class='ocrx_word' id='word_1_376' title='bbox 868 3154 876 3223; x_wconf 87' lang='grc' dir='ltr'>Η</span> <span class='ocrx_word' id='word_1_377' title='bbox 895 3154 968 3221; x_wconf 88' lang='lat' dir='ltr'>dum]</span> <span class='ocrx_word' id='word_1_378' title='bbox 989 3158 1010 3205; x_wconf 93' lang='lat' dir='ltr'>si</span> <span class='ocrx_word' id='word_1_379' title='bbox 1030 3163 1061 3204; x_wconf 94' lang='lat' dir='ltr'>M</span> <span class='ocrx_word' id='word_1_380' title='bbox 1079 3178 1081 3221; x_wconf 51' lang='lat' dir='ltr'><strong>j</strong></span> <span class='ocrx_word' id='word_1_381' title='bbox 1106 3173 1161 3206; x_wconf 91' lang='lat' dir='ltr'>non</span> <span class='ocrx_word' id='word_1_382' title='bbox 1180 3157 1335 3228; x_wconf 80' lang='lat' dir='ltr'>schemate]</span> 
     </span>
     <span class='ocr_line' id='line_1_31' title="bbox 125 3241 1337 3309; baseline 0 -12"><span class='ocrx_word' id='word_1_383' title='bbox 125 3249 297 3297; x_wconf 84' lang='lat' dir='ltr'>naschemate</span> <span class='ocrx_word' id='word_1_384' title='bbox 316 3251 342 3292; x_wconf 91' lang='lat' dir='ltr'><strong>V</strong></span> <span class='ocrx_word' id='word_1_385' title='bbox 366 3246 467 3309; x_wconf 86' lang='lat' dir='ltr'>absque</span> <span class='ocrx_word' id='word_1_386' title='bbox 490 3245 626 3292; x_wconf 87' lang='lat' dir='ltr'>schemate</span> <span class='ocrx_word' id='word_1_387' title='bbox 648 3250 673 3293; x_wconf 91' lang='lat' dir='ltr'><strong>D</strong></span> <span class='ocrx_word' id='word_1_388' title='bbox 697 3252 814 3293; x_wconf 87' lang='lat' dir='ltr'>scemate</span> <span class='ocrx_word' id='word_1_389' title='bbox 837 3250 868 3292; x_wconf 94' lang='lat' dir='ltr'>M</span> <span class='ocrx_word' id='word_1_390' title='bbox 891 3241 899 3309; x_wconf 90' lang='grc' dir='ltr'>Η</span> <span class='ocrx_word' id='word_1_391' title='bbox 924 3248 953 3292; x_wconf 92' lang='grc'>11</span> <span class='ocrx_word' id='word_1_392' title='bbox 982 3246 1032 3292; x_wconf 88' lang='lat' dir='ltr'>erit</span> <span class='ocrx_word' id='word_1_393' title='bbox 1049 3243 1093 3292; x_wconf 83' lang='lat' dir='ltr'>M²</span> <span class='ocrx_word' id='word_1_394' title='bbox 1109 3250 1132 3293; x_wconf 81' lang='lat' dir='ltr'>et</span> <span class='ocrx_word' id='word_1_395' title='bbox 1149 3243 1212 3292; x_wconf 81' lang='lat' dir='ltr'>M³·</span> <span class='ocrx_word' id='word_1_396' title='bbox 1240 3247 1273 3294; x_wconf 76' lang='lat'>12</span> <span class='ocrx_word' id='word_1_397' title='bbox 1293 3264 1337 3297; x_wconf 91' lang='lat' dir='ltr'>ur·</span> 
     </span>
     <span class='ocr_line' id='line_1_32' title="bbox 126 3330 1337 3395; baseline 0 -12"><span class='ocrx_word' id='word_1_398' title='bbox 126 3337 195 3384; x_wconf 89' lang='lat' dir='ltr'>bane</span> <span class='ocrx_word' id='word_1_399' title='bbox 215 3339 235 3383; x_wconf 86' lang='lat'><em>0</em></span> <span class='ocrx_word' id='word_1_400' title='bbox 255 3351 319 3382; x_wconf 81' lang='lat' dir='ltr'>corr.</span> <span class='ocrx_word' id='word_1_401' title='bbox 339 3344 358 3381; x_wconf 83' lang='grc' dir='ltr'><strong>τ</strong></span> <span class='ocrx_word' id='word_1_402' title='bbox 376 3330 384 3395; x_wconf 88' lang='grc' dir='ltr'>Η</span> <span class='ocrx_word' id='word_1_403' title='bbox 403 3332 451 3380; x_wconf 89' lang='lat' dir='ltr'>illa</span> <span class='ocrx_word' id='word_1_404' title='bbox 469 3331 511 3378; x_wconf 93' lang='lat' dir='ltr'>Ml</span> <span class='ocrx_word' id='word_1_405' title='bbox 531 3348 595 3378; x_wconf 81' lang='lat' dir='ltr'>corr.</span> <span class='ocrx_word' id='word_1_406' title='bbox 614 3332 657 3379; x_wconf 73' lang='lat' dir='ltr'>M3</span> <span class='ocrx_word' id='word_1_407' title='bbox 675 3334 682 3373; x_wconf 69' lang='grc' dir='ltr'>’ἓ</span> <span class='ocrx_word' id='word_1_408' title='bbox 701 3331 808 3380; x_wconf 88' lang='lat' dir='ltr'>masilia</span> <span class='ocrx_word' id='word_1_409' title='bbox 826 3331 867 3379; x_wconf 79' lang='grc' dir='ltr'>Μ1</span> <span class='ocrx_word' id='word_1_410' title='bbox 887 3331 992 3379; x_wconf 83' lang='lat' dir='ltr'>masilia</span> <span class='ocrx_word' id='word_1_411' title='bbox 1011 3330 1073 3379; x_wconf 65' lang='lat' dir='ltr'>Ml]</span> <span class='ocrx_word' id='word_1_412' title='bbox 1098 3334 1176 3379; x_wconf 77' lang='lat' dir='ltr'>cerba</span> <span class='ocrx_word' id='word_1_413' title='bbox 1188 3347 1272 3381; x_wconf 87' lang='lat' dir='ltr'>mane</span> <span class='ocrx_word' id='word_1_414' title='bbox 1287 3370 1294 3384; x_wconf 87' lang='lat'>.</span> <span class='ocrx_word' id='word_1_415' title='bbox 1310 3372 1337 3383; x_wconf 91' lang='lat'>..</span> 
     </span>
     <span class='ocr_line' id='line_1_33' title="bbox 126 3413 1338 3483; baseline 0.001 -14"><span class='ocrx_word' id='word_1_416' title='bbox 126 3419 304 3470; x_wconf 89' lang='lat' dir='ltr'>contumelias</span> <span class='ocrx_word' id='word_1_417' title='bbox 324 3421 359 3479; x_wconf 89' lang='lat' dir='ltr'>(v.</span> <span class='ocrx_word' id='word_1_418' title='bbox 373 3421 418 3478; x_wconf 75' lang='grc'>14)</span> <span class='ocrx_word' id='word_1_419' title='bbox 438 3435 484 3466; x_wconf 77' lang='lat' dir='ltr'>oni.</span> <span class='ocrx_word' id='word_1_420' title='bbox 505 3417 546 3464; x_wconf 69' lang='lat' dir='ltr'>M1</span> <span class='ocrx_word' id='word_1_421' title='bbox 565 3419 595 3464; x_wconf 82' lang='lat' dir='ltr'>in</span> <span class='ocrx_word' id='word_1_422' title='bbox 612 3433 693 3481; x_wconf 70' lang='lat' dir='ltr'>ortorp.</span> <span class='ocrx_word' id='word_1_423' title='bbox 712 3416 774 3466; x_wconf 68' lang='lat' dir='ltr'>aad.</span> <span class='ocrx_word' id='word_1_424' title='bbox 793 3416 835 3465; x_wconf 81' lang='lat' dir='ltr'>M²</span> <span class='ocrx_word' id='word_1_425' title='bbox 854 3413 862 3483; x_wconf 93' lang='grc' dir='ltr'>Η</span> <span class='ocrx_word' id='word_1_426' title='bbox 882 3418 1014 3465; x_wconf 89' lang='lat' dir='ltr'>occurisct</span> <span class='ocrx_word' id='word_1_427' title='bbox 1031 3414 1115 3464; x_wconf 60' lang='lat' dir='ltr'>BMV)</span> <span class='ocrx_word' id='word_1_428' title='bbox 1133 3413 1141 3471; x_wconf 70' lang='grc' dir='ltr'>Η</span> <span class='ocrx_word' id='word_1_429' title='bbox 1162 3418 1193 3464; x_wconf 83' lang='grc'>13</span> <span class='ocrx_word' id='word_1_430' title='bbox 1212 3418 1338 3470; x_wconf 86' lang='lat' dir='ltr'>schema-</span> 
     </span>
    </p>

    <p class='ocr_par' dir='ltr' id='par_1_4' title="bbox 35 3501 1339 3743">
     <span class='ocr_line' id='line_1_34' title="bbox 35 3501 1333 3572; baseline 0.002 -19"><span class='ocrx_word' id='word_1_431' title='bbox 35 3548 38 3553; x_wconf 94' lang='lat'>.</span> <span class='ocrx_word' id='word_1_432' title='bbox 126 3503 252 3557; x_wconf 69' lang='lat' dir='ltr'>teli²³</span> <span class='ocrx_word' id='word_1_433' title='bbox 270 3503 279 3572; x_wconf 89' lang='grc' dir='ltr'>ΗΗ</span> <span class='ocrx_word' id='word_1_434' title='bbox 297 3502 395 3569; x_wconf 77' lang='lat' dir='ltr'>inquit]</span> <span class='ocrx_word' id='word_1_435' title='bbox 416 3504 523 3568; x_wconf 86' lang='lat' dir='ltr'>quidem</span> <span class='ocrx_word' id='word_1_436' title='bbox 543 3502 602 3551; x_wconf 61' lang='lat' dir='ltr'>Me)</span> <span class='ocrx_word' id='word_1_437' title='bbox 622 3501 624 3546; x_wconf 71' lang='grc' dir='ltr'><strong><em>ἶ</em></strong></span> <span class='ocrx_word' id='word_1_438' title='bbox 648 3504 717 3551; x_wconf 82' lang='lat' dir='ltr'>habe</span> <span class='ocrx_word' id='word_1_439' title='bbox 737 3508 757 3552; x_wconf 83' lang='grc' dir='ltr'>Ο</span> <span class='ocrx_word' id='word_1_440' title='bbox 776 3501 784 3570; x_wconf 95' lang='grc' dir='ltr'>Η</span> <span class='ocrx_word' id='word_1_441' title='bbox 804 3502 940 3568; x_wconf 64' lang='lat' dir='ltr'>lmosche]</span> <span class='ocrx_word' id='word_1_442' title='bbox 956 3504 1007 3565; x_wconf 57' lang='lat' dir='ltr'>Bt,-</span> <span class='ocrx_word' id='word_1_443' title='bbox 1026 3518 1086 3551; x_wconf 87' lang='lat' dir='ltr'>osce</span> <span class='ocrx_word' id='word_1_444' title='bbox 1100 3507 1145 3551; x_wconf 86' lang='lat' dir='ltr'>OD</span> <span class='ocrx_word' id='word_1_445' title='bbox 1170 3506 1225 3552; x_wconf 87' lang='lat' dir='ltr'>osci</span> <span class='ocrx_word' id='word_1_446' title='bbox 1245 3507 1333 3571; x_wconf 50' lang='lat' dir='ltr'>MV),</span> 
     </span>
     <span class='ocr_line' id='line_1_35' title="bbox 129 3587 1333 3657; baseline -0.002 -16"><span class='ocrx_word' id='word_1_447' title='bbox 129 3596 160 3642; x_wconf 76' lang='lat'>14</span> <span class='ocrx_word' id='word_1_448' title='bbox 179 3593 363 3656; x_wconf 87' lang='lat' dir='ltr'>eloquentiam</span> <span class='ocrx_word' id='word_1_449' title='bbox 383 3596 409 3639; x_wconf 91' lang='lat' dir='ltr'>A</span> <span class='ocrx_word' id='word_1_450' title='bbox 432 3588 440 3657; x_wconf 94' lang='grc' dir='ltr'>Η</span> <span class='ocrx_word' id='word_1_451' title='bbox 463 3590 575 3638; x_wconf 86' lang='lat' dir='ltr'>haberat</span> <span class='ocrx_word' id='word_1_452' title='bbox 592 3594 616 3636; x_wconf 92' lang='lat' dir='ltr'>B</span> <span class='ocrx_word' id='word_1_453' title='bbox 641 3588 643 3645; x_wconf 76' lang='grc' dir='ltr'>ἶ</span> <span class='ocrx_word' id='word_1_454' title='bbox 675 3591 839 3639; x_wconf 86' lang='lat' dir='ltr'>contumelia</span> <span class='ocrx_word' id='word_1_455' title='bbox 858 3590 918 3638; x_wconf 55' lang='grc' dir='ltr'>ΜΨ)</span> <span class='ocrx_word' id='word_1_456' title='bbox 938 3607 1002 3639; x_wconf 83' lang='lat' dir='ltr'>corr.</span> <span class='ocrx_word' id='word_1_457' title='bbox 1023 3590 1066 3638; x_wconf 78' lang='grc' dir='ltr'>Μ3</span> <span class='ocrx_word' id='word_1_458' title='bbox 1087 3587 1095 3653; x_wconf 67' lang='lat' dir='ltr'>¹J</span> <span class='ocrx_word' id='word_1_459' title='bbox 1120 3591 1255 3639; x_wconf 88' lang='lat' dir='ltr'>somnium</span> <span class='ocrx_word' id='word_1_460' title='bbox 1278 3600 1333 3651; x_wconf 62' lang='lat' dir='ltr'>Mi</span> 
     </span>
     <span class='ocr_line' id='line_1_36' title="bbox 129 3675 1339 3743; baseline 0 -16"><span class='ocrx_word' id='word_1_461' title='bbox 129 3684 159 3728; x_wconf 81' lang='lat'>15</span> <span class='ocrx_word' id='word_1_462' title='bbox 187 3677 404 3743; x_wconf 80' lang='lat' dir='ltr'>inurgen(-guen</span> <span class='ocrx_word' id='word_1_463' title='bbox 421 3678 513 3741; x_wconf 87' lang='lat' dir='ltr'>V)das</span> <span class='ocrx_word' id='word_1_464' title='bbox 539 3677 596 3725; x_wconf 72' lang='lat'>013¹</span> <span class='ocrx_word' id='word_1_465' title='bbox 625 3677 804 3741; x_wconf 83' lang='lat' dir='ltr'>iniungendas</span> <span class='ocrx_word' id='word_1_466' title='bbox 833 3677 870 3725; x_wconf 81' lang='lat' dir='ltr'>D²</span> <span class='ocrx_word' id='word_1_467' title='bbox 897 3675 899 3725; x_wconf 67' lang='grc' dir='ltr'>ἶ</span> <span class='ocrx_word' id='word_1_468' title='bbox 933 3678 1029 3741; x_wconf 84' lang='lat' dir='ltr'>pressit</span> <span class='ocrx_word' id='word_1_469' title='bbox 1058 3683 1081 3724; x_wconf 94' lang='lat' dir='ltr'><strong>B</strong></span> <span class='ocrx_word' id='word_1_470' title='bbox 1146 3676 1260 3741; x_wconf 79' lang='lat' dir='ltr'>cffugiro</span> <span class='ocrx_word' id='word_1_471' title='bbox 1294 3682 1339 3731; x_wconf 83' lang='lat' dir='ltr'>Ml</span> 
     </span>
    </p>
   </div>
   <div class='ocr_carea' id='block_1_4' title="bbox 119 3766 253 3814">
    <p class='ocr_par' dir='ltr' id='par_1_5' title="bbox 119 3766 253 3814">
     <span class='ocr_line' id='line_1_37' title="bbox 119 3766 253 3814; baseline 0 0"><span class='ocrx_word' id='word_1_472' title='bbox 119 3784 184 3814; x_wconf 70' lang='lat' dir='ltr'>earn:</span> <span class='ocrx_word' id='word_1_473' title='bbox 206 3772 241 3814; x_wconf 87' lang='lat' dir='ltr'>M</span> <span class='ocrx_word' id='word_1_474' title='bbox 242 3766 253 3795; x_wconf 70' lang='lat'><em>³</em></span> 
     </span>
    </p>
   </div>
   <div class='ocr_carea' id='block_1_5' title="bbox 0 0 1386 4110">
    <p class='ocr_par' dir='ltr' id='par_1_6' title="bbox 0 0 1386 4110">
     <span class='ocr_line' id='line_1_38' title="bbox 0 0 1386 4110; baseline 0 0"><span class='ocrx_word' id='word_1_475' title='bbox 0 0 1386 4110; x_wconf 95' lang='lat' dir='ltr'> </span> 
     </span>
    </p>
   </div>
   <div class='ocr_carea' id='block_1_6' title="bbox 189 3994 286 4026">
    <p class='ocr_par' dir='ltr' id='par_1_7' title="bbox 189 3994 286 4026">
     <span class='ocr_line' id='line_1_39' title="bbox 189 3994 286 4026; baseline 0 0"><span class='ocrx_word' id='word_1_476' title='bbox 189 3994 286 4026; x_wconf 56' lang='lat' dir='ltr'>A.</span> 
     </span>
    </p>
   </div>
  </div>
 </body>
</html>
