2760 4110
72 214 97 261 p.
116 198 167 245 291
186 197 219 246 x.
585 196 656 247 nm.
670 196 709 246 vr
737 198 762 247 s.
1213 174 1278 243 265

159 353 239 415 Pars
263 352 373 416 alteru.
406 352 498 414 Vnus
520 352 565 415 illi
587 373 701 415 versus
726 351 873 434 obicitur,
896 374 937 416 nc
960 352 1014 416 hic
1030 352 1161 438 quidem
1184 362 1278 416 totus.

73 480 136 520 non
160 467 293 542 oportet,
317 458 433 541 inquit,
458 456 602 520 scribere
626 478 766 520 carmen.
798 456 934 521 multum
956 458 1099 541 interest,
1128 456 1280 542 obiurges

70 585 114 623 un
129 563 253 645 punias.
278 562 390 625 incesti
407 560 554 624 damnari
570 559 657 623 nulla
672 570 787 645 potest,
807 561 868 623 nisi
885 563 975 624 cuius
990 561 1145 626 violatum
1161 584 1279 647 corpus

72 674 128 727 est.
162 664 250 749 quid,
273 675 307 728 tu
331 673 425 750 putas
448 674 559 749 poetas
575 687 659 749 quae
680 666 821 728 sentiunt
836 664 1002 729 scribere?
1024 667 1107 730 vixit
1122 666 1278 749 modeste,

35 789 51 834 5
73 771 241 853 castigate,
266 791 329 832 non
347 767 451 832 cultus
466 771 500 832 in
515 769 568 832 illa
583 767 787 852 luxuriosior,
811 791 875 832 non
892 772 1093 833 conversatio
1110 793 1184 834 cum
1199 772 1278 834 viris

69 873 278 955 licentiosior;
306 896 407 936 unum
430 875 552 937 crimen
575 874 644 936 eius
667 871 760 936 vobis
785 874 952 937 confiteor:
980 876 1145 958 ingenium
1168 874 1276 938 habet.

70 977 183 1063 quidni
199 977 343 1041 invideat
355 975 534 1060 Corneliae,
551 976 663 1062 quidni
677 976 732 1059 illi,
749 999 833 1062 quac
845 976 1002 1042 Catonem
1013 980 1148 1064 peperit,
1165 978 1278 1064 quidni

70 1081 257 1145 sacerdotes
280 1080 503 1166 parientibus?

159 1187 272 1250 Extra.
305 1187 430 1250 mevs
455 1186 602 1251 Guuruvs
625 1188 712 1273 apud
736 1187 912 1253 Caesarem
935 1187 1032 1252 dixit:
1064 1187 1197 1271 Caesar,
1221 1191 1277 1274 qui

20 1308 51 1354 ιο
70 1291 157 1375 apud
184 1300 215 1354 te
243 1290 365 1354 audent
392 1290 514 1375 dicere,
542 1291 798 1376 magnitudinem
825 1301 914 1356 triam
941 1293 1104 1376 ignorant,
1133 1294 1277 1377 quinon

70 1395 201 1476 cudent,
225 1394 465 1459 humanitatem.
490 1394 499 1481 ΗΗ

156 1602 273 1671 ΜΡαβν
298 1607 310 1652 1
331 1621 399 1653 onus
417 1609 441 1653 P
458 1601 468 1671 ΗΗ
485 1605 533 1655 ille
552 1621 643 1656 uersas
662 1606 704 1655 M¹
723 1624 788 1656 corr.
809 1606 852 1654 M³
870 1620 964 1655 uersus
982 1606 1025 1655 illi
1043 1610 1066 1654 P
1085 1602 1093 1673 ΗΗ
1112 1621 1163 1655 nec
1180 1606 1247 1657 M³P
1265 1604 1274 1675 ΗΗ

68 1693 84 1738 3
104 1693 200 1740 incesti
219 1709 284 1740 corr.
304 1709 335 1740 ec
353 1693 457 1740 incesta
476 1697 508 1741 M
529 1689 538 1759 Η
561 1694 638 1742 cuius
657 1694 711 1758 (ius
729 1696 758 1743 io
776 1710 829 1743 rae.
849 1693 902 1756 Mt)
923 1698 955 1742 M
978 1689 987 1759 ΗΗ
1009 1694 1026 1741 4
1050 1698 1090 1742 est
1112 1709 1209 1759 corpus
1227 1708 1248 1744 α
1265 1690 1274 1763 ΗΗ

69 1781 83 1826 5
97 1778 258 1827 luxoriosior
271 1784 301 1826 M
314 1775 322 1844 Η
342 1780 356 1826 1
366 1783 446 1843 prim.
460 1778 565 1845 quidni]
579 1779 672 1843 quidm
686 1781 720 1845 (1)
733 1780 775 1828 M¹
788 1796 854 1830 corr.
868 1778 911 1828 M³
922 1778 931 1847 Η
947 1796 994 1830 uec.
1008 1778 1111 1846 quidni]
1132 1780 1223 1845 quidm
1237 1782 1272 1847 (1)

30 1889 34 1897 =
67 1866 109 1913 M¹
123 1883 188 1914 corr.
202 1867 245 1912 M³
257 1864 265 1927 Η
278 1871 333 1914 tert.
348 1863 451 1930 quidni]
466 1865 572 1929 quidnil
585 1866 620 1930 (i)
634 1866 675 1914 Μ1
695 1866 759 1930 quid
772 1867 825 1915 nisi
838 1866 873 1931 (si
885 1868 914 1915 in
926 1867 991 1931 rac.)
1005 1866 1048 1915 M3
1060 1863 1069 1933 Η
1081 1869 1096 1916 9
1109 1864 1210 1917 marius
1222 1872 1246 1916 P
1263 1864 1272 1933 Η

67 1953 183 2018 geminis
202 1953 248 2000 M1'
262 1970 327 2001 corr.
341 1952 384 2000 M³
402 1951 410 2019 Η
432 1954 463 2000 10
482 1948 528 2020 teZ
546 1958 577 2001 M
594 1954 597 2019 ξ
628 1956 658 2001 11
677 1951 779 2003 audent
796 1971 844 2003 om.
862 1957 886 2001 P
903 1951 912 2020 Η
931 1953 1041 2018 explicit
1060 1954 1129 2003 liber
1141 1993 1147 2004 .
1161 1955 1199 2004 VI
1213 1992 1219 2004 .
1233 1956 1272 2005 in-

66 2041 133 2104 cipit
146 2039 214 2088 libcr
228 2039 279 2088 VII
292 2045 324 2087 M
341 2040 453 2103 incipit.
464 2039 488 2088 V
501 2077 507 2089 .
521 2044 544 2087 P
563 2039 674 2105 explicit
687 2040 755 2090 liber
770 2040 807 2089 VI
820 2079 825 2090 .
839 2041 935 2106 incipit
947 2042 1076 2106 septimus
1089 2079 1096 2092 .
1111 2041 1239 2107 prologus
1251 2058 1273 2092 α
