2760 4110
118 111 186 175 600

154 287 332 337 Octavianum
351 288 467 352 525,10,
486 289 544 337 0100
560 287 692 353 epistulae

154 373 272 423 lascivae
303 374 336 424 ad
364 374 535 439 Cleopatram
562 377 626 438 525,
648 378 691 440 13,

154 459 326 510 bellissimum
344 476 401 511 rem
420 462 487 512 dixit
505 464 564 525 525,
577 465 601 512 9.
617 465 656 512 15.

118 544 347 601 Demosthenes.
366 548 431 599 Eius
449 551 573 600 inimicus
590 550 692 616 Philip-

155 651 203 699 pus
216 637 276 697 300,
289 637 318 698 8,
331 636 426 686 habuit
438 652 573 687 venenum
586 643 614 688 et
625 637 693 687 bibit

155 724 214 785 300,
229 725 256 787 7,
280 726 436 788 compositio
458 724 536 774 Calvi
559 726 589 774 in
610 726 691 774 actio·

155 810 233 860 nibus
263 811 297 860 ad
324 811 476 877 exemplum
502 812 692 863 Demosthenis

155 899 230 962 viget
240 899 332 963 309,4;
346 898 455 949 Nicetes
464 902 625 950 sententiam
635 902 692 950 eius

155 986 274 1034 inritatus
294 991 334 1034 est
352 987 466 1048 540,18.

120 1067 242 1122 llieeles
260 1071 380 1135 (Diocles
394 1072 542 1138 Carystius)
555 1074 622 1123 dixit
634 1088 692 1124 sen·

156 1159 276 1220 tentiam,
297 1174 366 1224 quae
384 1176 438 1209 non
456 1162 484 1208 in
497 1160 693 1211 declamatione

156 1250 261 1294 tantum
280 1252 369 1311 posset
380 1247 488 1312 placere
506 1248 552 1298 sed
565 1250 646 1298 etiam
665 1250 693 1297 in

155 1331 282 1382 solidiore
294 1333 385 1397 aliquo
399 1336 489 1400 scripti
499 1350 599 1400 genere
612 1338 654 1397 91,
664 1337 693 1400 3,

157 1418 311 1484 elegantem
329 1434 436 1470 sensum
455 1424 543 1487 posuit
561 1424 620 1485 287,
635 1424 657 1472 7.

212 1505 323 1556 Colores:
350 1509 392 1569 29,
411 1509 434 1557 4.
464 1511 506 1572 50,
527 1511 566 1558 10.
591 1511 693 1572 62,17.

157 1595 198 1655 90,
214 1595 257 1643 12.v
274 1595 315 1656 91,
329 1595 352 1643 3.
375 1597 432 1658 150,
450 1598 490 1645 11.
513 1597 570 1658 184,
588 1597 611 1645 6.
635 1598 694 1658 287,

157 1681 180 1728 8.
199 1682 291 1730 11,13.
312 1683 371 1744 501,
387 1684 426 1731 18.
445 1684 505 1744 545,
519 1685 543 1733 4.

122 1762 273 1818 Diodorus
292 1767 324 1816 cf.
344 1769 378 1817 ad
397 1770 493 1830 539,1.

122 1849 284 1918 Dionysius
315 1854 451 1906 Ciceronis
485 1858 569 1908 filium
605 1859 695 1909 docuit

157 1941 199 2000 56,
216 1943 253 1990 10.

123 2024 296 2092 Dionysius,
320 2028 390 2078 filius
414 2034 470 2081 cius
493 2018 625 2098 Dionysii,
649 2037 694 2100 qui

159 2115 295 2164 Ciceronis
308 2115 392 2165 filium
406 2118 503 2181 docuit,
517 2120 627 2186 elegans
640 2137 694 2171 ma-

158 2204 199 2266 gis
210 2202 373 2252 declamator
383 2219 462 2268 quam
474 2207 626 2270 vehemens,
636 2225 694 2258 sen·

158 2305 216 2337 sum
227 2296 254 2338 et
259 2289 434 2340 vehementer
443 2293 510 2342 dixit
520 2300 547 2343 et
557 2294 696 2360 eleganter

159 2379 238 2437 nm

124 2459 285 2529 Dierrysius
296 2465 451 2530 (Dionysius
460 2468 576 2534 Atticus)
587 2471 696 2536 Apollo-

160 2551 217 2598 dori
235 2551 380 2616 discipulus
401 2556 457 2618 168,
470 2558 494 2606 4.

212 2637 442 2703 mmmm

124 2717 283 2786 Διόνυσος
301 2729 361 2790 524,
377 2730 422 2791 15,
441 2730 473 2779 cf.
493 2731 582 2781 Liber.

125 2807 288 2868 Dolabella
306 2832 330 2865 V.
351 2816 498 2867 Cornelius.

125 2896 275 2952 Domitius
299 2902 359 2966 (On.
384 2904 520 2953 Domitius
543 2904 698 2955 Ahenobar-

160 2988 230 3051 bus),
250 2989 432 3039 nobilissimus
446 2992 494 3052 vir,
513 2993 541 3040 in
555 2992 697 3041 consulatu

160 3074 276 3125 thermas
295 3078 488 3142 prospicientes
500 3080 571 3127 viam
591 3078 698 3128 Sacram

160 3161 313 3212 aedificavit
325 3169 353 3214 et
365 3166 454 3229 coepit
471 3165 567 3215 deinde
579 3165 699 3216 rhetores

157 3249 301 3299 circumire
320 3257 347 3300 et
366 3251 516 3301 declamare
533 3255 651 3315 411,15,
670 3254 698 3302 10

99 3327 102 3331 ’
161 3350 223 3384 enm
250 3337 337 3387 facete
365 3339 432 3388 dixit
455 3339 556 3388 Asilius
584 3340 699 3389 Sabinus

160 3425 280 3484 mm

119 3505 241 3560 ‘Dorion
264 3512 383 3562 Graecus
404 3517 522 3576 503,16,
550 3515 617 3562 dixit
642 3529 698 3563 rem

160 3597 242 3661 paulo
253 3599 361 3663 quidem
373 3600 520 3663 elatiorem,
536 3617 616 3666 quam
627 3616 699 3665 pres-

162 3699 191 3732 sa
204 3689 231 3734 et
249 3686 338 3736 civilis
357 3690 443 3737 oratio
456 3691 560 3752 recipit,
579 3689 626 3737 sed
645 3703 699 3752 qua

154 3774 270 3837 egregie
282 3776 412 3825 attonitos
429 3778 512 3843 patris
530 3775 643 3826 affectus
656 3791 700 3826 ex·

652 131 784 182 INDEX.

781 290 908 354 primeret
917 291 960 352 91,
970 291 998 352 6,
1011 288 1116 340 furiose
1129 288 1206 339 dixit
1215 291 1275 350 503,
1286 293 1325 353 16,

781 377 1009 441 corruptissimam
1028 391 1085 427 rem
1104 378 1244 439 omnium,
1264 392 1326 441 quae

781 477 909 528 umquam
922 462 1011 513 dictae
1029 468 1102 526 sunt,
1120 478 1231 529 exque
1250 463 1326 513 homi·

781 563 829 598 nes
839 549 932 600 diserti
943 552 1063 600 insanire
1076 557 1245 616 coeperunt,
1258 558 1327 615 puta·

781 635 847 685 bant
869 636 995 687 Dorionis
1022 651 1082 686 esse
1104 639 1135 687 in
1166 637 1327 702 metaphrasi

781 722 880 772 dictam
910 723 1035 785 Homeri,
1068 739 1131 773 cum
1167 730 1327 774 excaecatus

782 809 898 875 Cyclops
915 825 1009 860 saxum
1021 813 1049 860 10
1063 826 1141 861 mare
1160 813 1262 862 reiecit
1272 813 1326 874 528,

784 899 805 945 1.
820 886 887 960 48,
905 899 934 945 10
953 900 1065 948 materia
1078 898 1263 948 disertissima
1275 900 1326 949 eius

782 985 917 1034 sententia
934 983 1019 1034 fertur
1037 986 1155 1046 538,15.

837 1071 949 1122 Colores:
967 1074 1009 1134 91,
1022 1073 1047 1122 8.
1066 1073 1126 1134 381,
1149 1073 1193 1122 18.
1212 1075 1277 1136 503,
1291 1075 1325 1122 16.

782 1159 897 1221 538,15.
916 1161 975 1221 545,
992 1161 1031 1208 19.

748 1328 821 1383 11111.
849 1333 958 1382 Phidias
989 1334 1022 1382 iis
1046 1334 1139 1383 Iovem
1167 1333 1325 1400 Olympium

782 1419 848 1469 10011
866 1421 925 1483 361,
946 1423 977 1471 10
987 1435 1043 1485 seq.

750 1495 1016 1573 Ἑλλησπόντιος
1039 1508 1142 1569 521,1.

748 1589 906 1644 Euanthius
925 1594 1019 1643 Perses
1037 1596 1098 1657 573,
1119 1596 1159 1643 16.

748 1676 814 1730 Ena
830 1696 855 1729 v.
874 1681 1008 1732 Sextilius.

749 1763 908 1818 Et-rueeuS.
938 1766 1065 1818 Eturscas
1092 1770 1167 1818 acies
1196 1769 1326 1819 Horatius

784 1871 896 1921 corpore
914 1871 962 1904 suo
981 1857 1126 1904 summovit
1144 1856 1208 1918 467,
1229 1857 1254 1905 7.

749 1939 913 1995 Euctemon
933 1943 1001 1992 levis
1014 1941 1188 2006 declamator,
1208 1943 1258 1993 sed
1271 1942 1327 1992 dul-

784 2031 822 2079 cis
840 2031 881 2092 29,
896 2030 925 2093 7,
947 2030 1026 2078 horno
1045 2030 1235 2078 venustissimi
1253 2031 1326 2094 inge·

784 2118 830 2179 011,
843 2118 872 2165 10
885 2117 995 2165 Festum
1008 2117 1141 2166 rhetorem
1155 2116 1249 2166 facete
1262 2117 1328 2165 dixit

784 2205 843 2265 309,
858 2206 902 2266 11,
916 2203 1044 2268 Glyconis
1056 2204 1221 2253 sententiam
1235 2205 1326 2253 sanius

786 2291 973 2350 mmm

841 2379 1325 2439 mamamnmm

785 2466 1076 2527 memma

752 2545 924 2623 Εὐφράτης
943 2554 1002 2613 521,
1021 2553 1044 2600 8.

751 2636 882 2691 Eurotas
907 2640 993 2687 amnis
1016 2637 1138 2702 Spartam
1162 2639 1327 2688 circumfluit

784 2727 904 2787 mm

749 2809 954 2878 Euthycrates
973 2813 1032 2873 491,
1054 2813 1092 2860 15.

751 2983 902 3038 Fabianus
921 3002 945 3034 v.
963 2986 1093 3050 Papirius.

752 3071 838 3125 Fabii
856 3073 889 3123 01.
909 3072 942 3121 ad
964 3074 1020 3132 115,
1042 3074 1081 3120 16.

752 3158 863 3213 Fabius
882 3159 924 3224 (Q.
943 3159 1043 3208 Fabius
1062 3157 1186 3223 Gurges).
1207 3158 1276 3208 Eius
1289 3159 1328 3208 lu-

786 3249 863 3296 xuria
881 3249 940 3308 390,
960 3249 983 3295 8.

752 3333 864 3387 Fabius
889 3337 1001 3400 (Fabius
1019 3335 1172 3396 Maximus),
1192 3334 1328 3384 nobilissi-

787 3439 846 3472 mus
859 3425 907 3484 vir,
924 3425 1023 3488 primus
1042 3423 1098 3472 foro
1114 3422 1238 3470 Romano
1251 3424 1328 3471 novi·

787 3513 857 3560 cium
875 3510 1005 3570 morbum,
1031 3525 1084 3573 quo
1112 3524 1185 3557 nuno
1210 3508 1329 3571 laborat,

787 3597 890 3659 intulit,
917 3597 950 3645 de
979 3613 1031 3661 quo
1063 3596 1170 3645 Cassius
1199 3594 1327 3658 Severus,

787 3692 933 3749 antequam
940 3684 973 3733 ab
981 3687 1219 3747 eoreusageretur,
1230 3683 1331 3734 acerbe

776 3773 857 3822 dixit
874 3775 941 3833 158,
958 3774 1008 3832 11,
1027 3772 1097 3818 dixit
1115 3770 1245 3818 tricolum
1264 3771 1334 3831 tale,
