2760 4110
563 149 778 201 PRAEFATIO.
1117 139 1266 198 XXXIII

64 312 251 389 appareret,
273 305 327 367 vel
349 313 384 368 ut
406 303 640 389 progredientis
662 307 696 369 in
723 305 888 369 codicibus
923 305 1160 390 depravationis
1187 308 1268 370 ratio

65 417 327 493 cognosceretur.
367 408 518 494 idemque
557 410 723 473 consilium
761 411 794 474 in
827 412 988 495 excerptis
1021 420 1150 474 secutus
1184 432 1266 491 sum,

63 534 206 597 quorum
230 511 366 595 codices,
391 535 465 576 cum
487 513 615 598 plurimi
638 513 775 577 saeculis
796 515 864 578 XII
886 523 918 578 et
939 515 1025 579 XIH
1047 517 1181 579 exarati·
1195 517 1266 597 sint,

64 618 100 679 in
123 615 224 679 rebus
247 615 500 701 orthographicis
523 619 608 681 omni
631 620 818 682 auctoritate
842 628 961 683 carent.
985 621 1019 683 in
1041 627 1077 681 Η
1092 629 1209 700 autem,
1233 629 1268 682 ut

63 743 170 783 unum
193 719 349 803 adferam,
372 743 472 784 manu
486 722 590 805 prima
612 722 680 786 fere
696 744 825 807 semper
839 721 1022 785 adolescens
1038 724 1192 807 scriptum
1209 730 1266 804 est,

60 833 99 886 et
123 825 268 908 quaestio
296 824 447 907 oboritur,
475 847 553 888 num
575 824 658 889 hacc
687 825 781 889 huius
803 825 954 890 vocabuli
981 836 1013 890 et
1035 826 1169 890 aliorum
1190 848 1267 910 pau·

63 949 181 991 eorum
211 927 321 991 similis
351 927 455 992 forma
477 930 511 992 in
533 932 705 1014 excerptis,
728 939 764 993 ut
789 932 942 1014 inopere
968 930 1138 1014 magistelli
1166 931 1267 993 cuius·

62 1030 147 1096 dam
170 1033 295 1096 serioris
319 1033 442 1115 aetatis,
466 1032 629 1096 servanda
651 1035 699 1097 sit.
724 1043 757 1097 at
781 1041 817 1095 Η
840 1043 872 1097 et
894 1033 1104 1117 neglegenter
1130 1036 1267 1117 scriptus

62 1145 118 1199 est
141 1145 173 1199 et
196 1135 257 1199 hac
280 1139 312 1199 in
335 1158 461 1201 recum
477 1146 507 1199 A
525 1139 681 1221 congruit,
705 1159 766 1200 nec
786 1137 850 1201 alia
872 1146 1099 1221 excerptorum
1122 1136 1267 1201 condicio

62 1238 169 1303 debet
198 1262 237 1303 ac
268 1249 372 1325 potest
404 1262 493 1324 esse,
525 1241 586 1304 nisi
616 1250 652 1305 ut
691 1263 748 1325 pro
782 1241 928 1326 partibus
962 1243 1067 1325 operis
1096 1240 1268 1305 Annaeani

66 1342 261 1427 habeantur,
298 1367 381 1430 quae
412 1366 515 1429 prava
545 1347 715 1430 scriptione
746 1346 799 1409 vel
829 1369 930 1430 pravo
957 1344 1126 1409 scribentis
1148 1343 1267 1408 iudicio

64 1446 269 1511 deformatae
285 1458 320 1512 ut
339 1450 488 1533 accipere
508 1452 553 1513 ita
572 1450 688 1513 afferre
711 1471 805 1534 posse
825 1449 996 1514 videantur
1018 1448 1188 1513 medelam.
1212 1450 1267 1512 ita-

62 1572 132 1635 que
156 1573 205 1634 ea‚
229 1574 312 1637 quae
337 1552 389 1615 1²
411 1552 539 1617 saeculo
556 1553 680 1617 decimo
697 1555 846 1636 correxit,
866 1576 931 1617 non
946 1552 1182 1617 contemnenda
1197 1574 1267 1616 esse

62 1654 243 1719 arbitratus
265 1658 299 1720 in
318 1658 479 1742 excerptis
495 1657 633 1722 eandem
649 1657 909 1742 orthographiam
932 1667 1061 1721 secutus
1084 1667 1267 1741 sumatque

65 1762 100 1822 in
132 1761 179 1842 iis,
216 1782 299 1845 quae
336 1760 462 1826 Seneca
496 1763 565 1846 ipse
600 1764 735 1846 scripsit.
770 1761 813 1826 ad
847 1771 1043 1846 postremum
1072 1783 1185 1824 moneo
1215 1784 1267 1826 me

63 1886 198 1949 semper
221 1863 394 1949 quidquid,
414 1864 525 1928 schola
549 1864 805 1950 (scholasticas),
824 1866 958 1942 sabama,
982 1866 1204 1950 archipirata,
1223 1886 1267 1927 sc-

60 1966 256 2055 palchram,
273 1968 454 2053 quicquam,
475 1969 589 2033 totiens
613 1969 783 2054 (quotieas,
800 1970 952 2056 occicus),
973 1971 1173 2055 trophaeam,
1189 1969 1267 2033 Xer-

62 2094 118 2136 ses
133 2075 299 2158 scripsisse
315 2083 412 2160 atque
426 2075 460 2137 in
476 2074 611 2140 Graecis
626 2074 736 2138 verbis
759 2098 779 2138 a
801 2073 852 2160 (a)
870 2084 901 2138 et
916 2094 945 2156 Δ,
968 2074 1024 2137 ubi
1047 2074 1115 2138 bini
1138 2074 1266 2138 codices

63 2188 183 2242 contra
215 2179 345 2241 tertium
373 2180 609 2262 conspirarent,
642 2201 705 2242 uno
740 2181 830 2264 signo
866 2177 932 2264 (vel
962 2202 982 2242 a
1013 2178 1065 2242 vel
1096 2177 1130 2263 Δ)
1161 2177 1266 2242 reddi·

63 2282 155 2346 disse
166 2280 207 2367 ¹):
232 2281 294 2345 hoc
315 2281 482 2345 brevitatis
505 2291 537 2345 et
551 2284 785 2367 perspicuitatis
809 2305 908 2347 causa
930 2282 994 2346 foci
1016 2280 1063 2367 (in
1086 2281 1265 2346 scribendis

63 2385 235 2450 vocabulis
259 2386 404 2468 Graecia
429 2387 567 2471 quaein
590 2393 621 2446 V
644 2388 831 2450 correctoris
853 2386 962 2450 limam
985 2408 1048 2449 nen
1071 2408 1167 2470 passa
1183 2395 1266 2468 suut,

64 2493 184 2555 mirum
215 2499 371 2575 quantum
393 2498 486 2552 ABV
509 2492 592 2554 inter
621 2513 656 2554 se
687 2489 912 2576 consentiunt),
942 2489 1020 2553 illud
1050 2491 1110 2574 ipsi
1138 2489 1266 2553 codices

61 2594 206 2659 suadere
229 2593 433 2658 videbantur.
457 2594 516 2657 fuit
538 2604 656 2677 autem,
680 2617 754 2658 cum
774 2596 806 2657 in
822 2596 976 2678 angustiis
991 2616 1148 2657 versarer.
1173 2592 1266 2677 qaid·
1335 2651 1338 2656 .

62 2698 151 2785 qaid
174 2699 260 2763 enim
282 2699 394 2782 paucis
418 2700 562 2782 exceptis
592 2697 670 2761 locis
693 2720 821 2782 semper
843 2699 996 2781 seriptum
1020 2707 1110 2760 extat
1139 2699 1173 2760 in
1196 2705 1265 2781 AB,

61 2801 226 2888 quicquid
241 2824 370 2887 semper
383 2805 416 2865 in
432 2810 468 2864 Μ
484 2811 516 2865 ct
530 2803 674 2887 plurimis
689 2802 766 2865 loeis
788 2803 822 2864 in
837 2807 868 2860 V
884 2800 941 2884 (ex
958 2803 1073 2864 ceteris
1090 2801 1263 2883 codicibus,

175 3064 196 3130 ¹)
215 3065 276 3114 Hac
294 3065 322 3113 in
340 3079 369 3114 re
388 3079 458 3128 quae
476 3078 526 3128 ego
545 3077 578 3112 ex
591 3069 616 3111 V
628 3061 709 3112 attuli
728 3061 768 3125 (in
786 3067 819 3123 D,
838 3067 966 3126 utsupra
985 3062 1086 3111 dictum
1106 3068 1154 3122 est,
1173 3064 1263 3111 omnia

62 3153 174 3203 Graeca
192 3153 290 3202 omissa
308 3151 381 3214 sunt)
400 3151 535 3200 interdum
554 3149 681 3199 differunt
700 3149 733 3197 ab
751 3150 793 3205 iis,
813 3163 882 3212 squas
901 3133 1081 3213 Kiesslingius
1100 3163 1133 3198 ex
1154 3164 1263 3198 acerua-

63 3241 178 3300 tissima,
200 3245 231 3288 ut
249 3240 307 3304 ipse
324 3239 418 3288 testari
436 3253 551 3302 possum,
571 3236 760 3286 Studemundii
779 3235 924 3285 collatione
946 3236 1092 3300 proposuit.
1116 3237 1145 3284 in
1167 3235 1264 3284 discor-

62 3327 164 3377 nendis
187 3340 295 3390 quoque
323 3325 426 3375 scribae
449 3325 659 3387 correctorisque
683 3322 731 3387 (V1
753 3327 780 3372 et
799 3322 848 3384 Vl)
873 3322 996 3371 manibus
1019 3322 1225 3386 Petschenigius
1248 3337 1264 3372 a

58 3413 263 3466 studemundio
282 3427 485 3477 nonnumquam
504 3411 635 3461 dissentit.
657 3425 689 3459 ac
710 3405 845 3474 plerisque
866 3409 932 3458 locis
950 3424 993 3458 ros
1015 3423 1080 3457 sane
1104 3393 1277 3458 difficillima*

63 3500 190 3550 iudicatu
208 3505 257 3560 est,
276 3516 337 3550 oum
356 3499 393 3548 V¹
407 3504 435 3548 ot
446 3499 485 3546 V²
503 3498 622 3548 eiusdem
642 3497 698 3546 fere
716 3497 813 3546 aetatis
830 3497 892 3557 sint,
911 3503 938 3544 et
954 3497 1039 3561 primo
1057 3495 1264 3562 Petschenigius

62 3585 264 3639 Studemundio
291 3586 517 3652 adstipulabatur3
545 3601 598 3649 quo
626 3584 735 3648 longius
758 3588 849 3632 autem
873 3597 1027 3648 progressus
1050 3588 1098 3645 est,
1122 3598 1154 3633 eo
1179 3585 1264 3648 magis

62 3674 152 3724 multa
175 3674 209 3723 ab
232 3675 291 3739 ipso
308 3673 396 3724 scriba
415 3673 473 3736 (W)
493 3671 636 3722 emendata
659 3685 716 3720 esse
743 3669 794 3718 sibi
813 3671 944 3734 persuasit
969 3675 996 3719 et
1014 3676 1084 3719 retro
1103 3670 1138 3719 ad
1155 3671 1269 3718 initium

60 3776 189 3811 reversus
208 3765 302 3825 postea
320 3758 400 3811 aliter
417 3759 512 3810 statuit
529 3765 611 3825 atque
629 3762 718 3808 antea.

116 3856 198 3894 Seneca
210 3855 289 3893 rhetor.
1128 3861 1146 3892 e,
