2760 4110
92 155 157 212 XX
585 164 799 216 PRAEFATIO.

96 343 180 407 quae
206 320 273 384 dixi
296 323 322 384 si
352 331 441 384 recte
465 320 626 406 disputata
649 330 730 403 sunt,
762 343 823 384 nec
846 324 892 380 V'2
922 344 982 384 nec
1000 346 1019 381 v
1040 343 1102 384 nec
1125 342 1146 381 τ
1167 323 1203 385 in
1227 332 1294 386 arte

94 427 205 488 critica
227 425 404 488 lectitanda
426 424 554 509 neglegi
573 425 670 488 licere
693 427 898 509 perspicuum
922 435 979 508 est,
1008 436 1040 488 et
1061 448 1182 510 magna
1206 425 1295 490 haud

96 528 194 592 dubie
224 531 261 592 iis
292 531 464 593 auctoritas
494 529 667 593 tribuenda
697 538 790 612 esset,
822 531 848 592 si
879 539 965 592 certo
996 530 1150 593 sciremus
1182 552 1294 594 omnes

94 657 206 697 eorum
229 635 402 717 scripturas
418 657 461 697 ex
478 633 642 697 codicibus
665 655 735 696 esse
758 635 881 718 petitas
905 656 992 704 nunc
1015 636 1051 717 is,
1075 635 1130 718 qui
1147 634 1294 698 codicem

91 762 110 797 v
131 737 296 801 ‘undecim
319 736 457 820 diebus’,
481 747 516 801 ut
538 739 606 821 ipse
629 739 682 820 ait,
705 739 821 821 raptim
841 739 997 819 exaravit,
1022 759 1056 800 se
1071 737 1173 801 multa
1190 761 1292 802 corre-

91 844 185 905 xisse·
196 841 321 905 disertis
336 842 445 905 verbis
465 844 690 926 pronuntiavit,
709 852 805 927 atque
818 845 863 902 V2
879 852 911 906 et
929 865 958 926 τ,
975 845 1030 927 qui
1045 865 1140 906 suum
1155 852 1292 928 uterque

93 945 238 1010 codicem
254 946 296 1009 ab
313 948 399 1010 initio
415 969 518 1031 usque
541 945 584 1010 ad
603 947 702 1009 finem
718 947 966 1030 castigaverunt,
990 946 1143 1010 nonnulla
1160 969 1204 1010 ex
1222 969 1292 1011 con-

90 1052 215 1115 iectura
240 1049 463 1115 emendavisse
486 1061 656 1136 propterea
679 1049 813 1134 putandi
837 1060 919 1133 sunt,
949 1049 1044 1135 quod,
1069 1073 1144 1113 cum
1167 1073 1291 1114 correc-

91 1156 168 1218 toris
185 1178 248 1219 uon
264 1155 390 1219 scribae
405 1177 539 1219 munere
555 1155 775 1238 fungerentur,
799 1154 942 1239 plurimis
957 1155 1034 1217 locis
1050 1154 1154 1217 alieno
1171 1155 1292 1218 auxilio

91 1262 218 1323 omnino
243 1282 353 1323 carere
369 1261 508 1343 potuisse
523 1257 683 1322 videntur.
708 1280 772 1342 qua
784 1281 829 1321 ,re
846 1280 1042 1343 quamquam
1058 1280 1170 1321 eorum
1185 1268 1291 1323 aucto·

89 1366 167 1427 ritas
183 1363 349 1448 paululum
364 1362 622 1446 imminuebatur,
643 1372 761 1446 tamen,
786 1385 826 1426 ne
842 1372 963 1426 temere
979 1372 1138 1446 ageretur,
1163 1385 1291 1426 omnem

91 1490 202 1531 eorum
215 1467 463 1552 discrepantiam
476 1466 695 1530 adnotandam
708 1489 778 1530 esse
793 1466 989 1530 iudicabam.
1014 1477 1045 1529 et
1061 1468 1178 1549 omnia,
1195 1489 1290 1551 quae-

92 1593 230 1656 cumque
254 1575 301 1633 V²
324 1580 356 1634 et
378 1595 398 1630 τ
421 1570 670 1655 adscripserunt,
701 1572 736 1635 in
759 1580 950 1654 apparatum
982 1572 1126 1633 criticum
1157 1581 1291 1655 recepta

92 1673 199 1760 sunt¹)
223 1673 258 1760 (τ
276 1676 438 1758 sescentis,
464 1679 510 1736 V²
532 1674 698 1760 permultis
720 1673 798 1737 locis
821 1697 953 1738 manum
976 1675 1138 1757 scriptoris
1154 1673 1291 1739 feliciter

90 1781 265 1842 restituisse
282 1781 352 1864 quis
367 1777 607 1865 infitiabitur?)3
631 1778 750 1842 codicis
765 1803 783 1838 υ
800 1778 954 1841 lectiones
970 1776 1091 1840 addere
1110 1800 1176 1841 non
1190 1780 1290 1862 potui,

91 1907 164 1946 curn
179 1882 331 1946 idoneum
347 1885 452 1946 virum
474 1906 537 1946 non
553 1892 689 1947 nanctus
713 1884 782 1966 sim,
806 1883 860 1967 qui
884 1880 1088 1945 describendi
1110 1880 1194 1944 illius
1218 1881 1289 1945 libri

90 2009 169 2050 onus
192 1989 225 2049 in
248 2009 282 2050 se
305 1989 471 2071 reciperet.
496 1996 592 2072 atque
616 1985 949 2072 primo'vehementer
965 1984 1114 2048 dolebam
1137 1995 1171 2048 et
1192 1987 1289 2050 tristis

91 2114 190 2173 eram,
215 2090 332 2154 deinde
356 2114 526 2175 coeperam
541 2114 594 2154 me
611 2090 767 2154 consolari
790 2100 830 2172 et,
855 2090 957 2175 qualis
981 2099 1030 2152 est
1051 2098 1167 2152 natura
1190 2088 1287 2153 homi-

89 2219 176 2277 num,
201 2195 277 2259 mihi
300 2195 538 2280 persuadebam
561 2195 680 2259 codicis
698 2220 717 2255 v
740 2197 913 2279 scripturas
936 2196 1041 2258 minus
1063 2216 1182 2278 graves
1206 2217 1286 2277 csse,

89 2299 175 2384 quod
207 2302 244 2362 iis
273 2299 361 2382 lociS,
393 2300 508 2385 quibus
532 2324 552 2363 a
575 2302 620 2357 V1
642 2300 695 2362 vel
718 2301 763 2358 V²
785 2299 838 2362 vel
861 2321 882 2358 τ
905 2297 1095 2380 discederet,
1125 2307 1182 2361 aut
1211 2300 1289 2363 vitia

89 2402 259 2466 exhiberet
282 2405 330 2466 sui
353 2403 472 2466 saeculi
495 2405 623 2487 propria
647 2412 701 2466 aut
729 2402 881 2466 lectiones
905 2425 979 2465 cum
1001 2401 1135 2486 vulgata
1166 2404 1287 2487 conspi-

88 2516 197 2569 rantes
221 2529 326 2592 neque
349 2509 393 2571 ita
415 2507 516 2570 multa
537 2509 606 2592 ipse
629 2529 714 2571 nova
737 2508 922 2589 contineret,
947 2528 1021 2569 cum
1044 2504 1147 2568 subito
1172 2528 1216 2569 ex
1237 2529 1288 2570 an-

88 2613 200 2695 gustiis
224 2621 352 2696 ereptus
376 2634 460 2694 sum,
485 2611 599 2675 allatus
623 2612 707 2675 enim
730 2610 773 2674 ad
795 2633 847 2674 me
871 2621 919 2674 est
943 2609 1047 2673 codex
1066 2610 1288 2675 Bruxellensis

90 2713 158 2799 (D),
183 2737 279 2798 quem
303 2714 384 2779 adeo
407 2717 440 2779 in
463 2715 610 2779 omnibus
632 2714 740 2797 rebuS,
770 2717 866 2778 etiam
889 2716 921 2778 in
945 2716 1145 2797 correcturiS,
1177 2737 1254 2778 cum
1270 2739 1288 2774 11

91 2821 280 2902 consentire,
317 2828 352 2883 ut
383 2822 483 2883 maior
513 2818 683 2883 similitudo
713 2821 796 2882 inter
825 2819 941 2882 fratres
971 2819 1123 2902 gemellos
1154 2819 1287 2903 cogitari

90 2924 217 2986 omnino
241 2945 306 2986 non
328 2925 435 3008 possit,
461 2946 523 3008 quo
546 2925 650 2987 minus
674 2945 848 3007 speraram,
873 2945 911 2985 eo
934 2924 1053 2986 maiore
1078 2944 1152 2985 cum
1167 2921 1286 3007 gaudio

90 3025 347 3113 animadvert12).
379 3029 487 3113 itaque
512 3026 657 3090 codicem
680 3035 709 3088 D
731 3028 764 3090 in
793 3026 899 3090 locum
928 3026 1046 3089 codicis
1069 3050 1087 3085 v
1109 3026 1287 3091 succedere

193 3237 212 3302 ¹)
232 3237 300 3286 Cum
324 3238 424 3287 codicis
443 3243 466 3286 Τ
485 3239 619 3287 rarissime
642 3239 744 3287 mentio
766 3238 838 3286 facta
856 3238 898 3299 sit,
918 3236 1082 3287 mouendum
1101 3241 1142 3285 est
1159 3237 1194 3285 iis
1213 3226 1290 3297 locis,¹

89 3324 187 3388 quibus
205 3336 225 3373 τ
244 3330 476 3387 commemoretur,
495 3329 518 3372 ¹1¹
537 3331 585 3373 aut
603 3325 674 3373 idem
693 3323 791 3373 habere
810 3324 881 3389 quod
900 3329 926 3372 V
941 3322 999 3388 (Ψ)
1018 3322 1110 3372 antid
1129 3324 1219 3387 ipsum
1239 3337 1286 3374 sua

90 3411 195 3459 incuria
214 3411 397 3475 depravatum.
1283 3477 1286 3481 Ι

194 3498 215 3562 ²)
236 3497 311 3558 Quae
330 3513 411 3563 supra
429 3498 462 3547 de
482 3500 585 3563 origine
604 3498 703 3547 codicis
720 3512 739 3547 v
757 3497 893 3562 disputavi
912 3496 947 3560 (p.
967 3495 1060 3545 XVIII
1073 3495 1139 3561 seq.)
1160 3497 1183 3544 si
1201 3512 1286 3567 recor·
1328 3530 1330 3609 ,

90 3583 146 3634 dati
159 3585 268 3647 erimus,
288 3601 342 3635 non
356 3586 546 3647 dubitabimus,
559 3586 625 3650 quin
639 3584 722 3634 codex
741 3591 765 3633 D
785 3584 905 3633 codicum
919 3588 945 3631 V
959 3589 985 3631 et
998 3597 1016 3632 v
1028 3582 1117 3632 affinis
1135 3577 1178 3645 sit,
1199 3597 1286 3649 neque

90 3672 252 3720 Bursianum
271 3672 421 3735 audiemus,
441 3673 488 3736 qui
505 3689 530 3737 p.
545 3672 624 3721 XIIII
639 3671 796 3720 haecdicit:
816 3667 865 3721 ‘Ex
879 3673 936 3736 ipso
950 3670 1041 3719 codice
1054 3675 1077 3717 B
1090 3669 1200 3720 saeculo
1214 3669 1286 3733 XVI,
1328 3718 1330 3725 ,

90 3774 151 3808 cum
170 3759 289 3807 noudum
308 3760 421 3824 perisset
439 3759 534 3808 folium
553 3757 621 3807 illud
641 3758 712 3823 quod
731 3774 804 3807 nunc
823 3748 990 3808 desideratur
1014 3763 1073 3822 post
1096 3755 1142 3806 fol.
1164 3758 1224 3821 166,
1244 3757 1286 3806 de·
1328 3754 1330 3817 Ι
