2760 4110
97 131 208 188 XVIII
590 145 803 196 PRAEFATIO.

97 321 167 362 esse
191 322 284 363 nemo
315 322 435 384 negare
466 301 572 383 possit.
605 323 669 385 qua
699 303 732 364 in
754 323 788 363 re
812 301 900 365 illum
923 325 980 365 suo
1011 313 1135 368 tantum
1166 307 1296 390 ingenio

97 403 327 489 obsequentem
343 415 409 468 tam
425 406 584 489 sagaciter
599 415 763 468 versatum
787 429 856 468 esse
880 429 954 469 cum
978 430 1035 490 per
1058 431 1092 470 se
1112 411 1171 472 vix
1195 410 1295 475 credi-

95 506 160 571 bile
184 507 266 593 siu),
295 517 363 572 tum
386 510 492 573 obstat
514 532 576 594 quo
599 511 704 573 minus
729 509 907 593 credamus,
937 510 1023 595 quod
1051 512 1114 575 alia
1137 536 1214 577 eum
1244 538 1294 578 ex·
1331 558 1333 565 ·

97 621 281 696 cerptornm
304 612 422 675 auxilio
447 615 625 677 correxisse
641 613 694 676 vcl
717 614 915 698 supplevisse
931 618 1000 678 veri
1024 616 1124 679 simile
1149 627 1207 700 est,
1234 619 1293 682 alia
1330 646 1333 707 1

95 718 139 779 ita
163 725 349 800 comparata
379 727 461 797 sunt,
494 717 612 799 utillo,
636 719 696 780 nisi
720 717 830 780 codice
855 718 994 802 quodam
1025 743 1100 784 usus
1128 733 1224 805 esset,
1257 746 1293 786 ea

95 819 281 883 adscribere
316 821 455 903 potuisse
487 842 616 904 prorsus
647 844 711 884 non
750 820 911 905 putandus
942 824 989 886 sit.
1024 846 1121 908 quam
1153 824 1196 888 ad
1225 849 1292 890 rem

96 923 320 987 stabiliendam
344 946 387 987 ex
410 933 561 988 accurata
585 924 703 988 codicis
723 949 741 984 v
763 924 1017 990 consideratione
1037 949 1101 990 non
1116 928 1194 991 nihil
1212 952 1291 993 emo-

95 1027 228 1091 lumenti
260 1030 391 1113 capitur.
423 1053 441 1088 v
465 1031 549 1092 enim
581 1051 654 1092 cum
682 1038 713 1091 V
742 1042 773 1092 ct
801 1039 827 1089 T
855 1031 899 1092 ita
930 1033 1095 1114 consentit,
1127 1042 1163 1095 ut
1191 1035 1291 1117 primo

94 1131 252 1216 adspectu
276 1133 413 1216 dubites,
444 1156 486 1197 an
519 1155 562 1195 ex
592 1132 691 1196 altero
722 1143 793 1197 utro
818 1133 995 1218 descriptus
1019 1137 1074 1199 sit:
1105 1146 1215 1201 tantus
1248 1148 1292 1202 est

95 1239 190 1301 trium
213 1238 338 1301 illorum
361 1237 508 1300 codicum
531 1236 584 1299 vel
607 1239 640 1299 in
663 1237 844 1301 omittendis
867 1238 1032 1302 vocabulis
1055 1240 1107 1303 vel
1135 1243 1169 1303 in
1192 1264 1291 1326 prave

95 1340 273 1403 scribendis
291 1339 506 1426 consensus2).
531 1363 591 1403 nec
614 1350 723 1405 tamen
745 1365 797 1405 res
820 1345 863 1405 ita
886 1366 920 1406 so
936 1343 1042 1407 habet.
1063 1368 1081 1403 v
1097 1367 1209 1409 omnes
1225 1347 1291 1409 fere

94 1445 244 1507 Vaticani
272 1452 471 1507 correcturas
495 1442 573 1529 (vr)
596 1445 765 1529 amplexus
788 1456 846 1529 est,
870 1455 896 1507 T
919 1469 982 1511 non
1013 1470 1123 1512 omncs
1155 1452 1291 1535 recepit3

93 1551 202 1632 itaque
241 1547 406 1632 permultis
440 1549 517 1612 locis
547 1551 579 1611 in
609 1573 627 1608 v
654 1548 805 1634 leguntur
835 1573 918 1636 quae
950 1574 992 1614 ex
1019 1560 1045 1612 T
1076 1553 1197 1617 hauriri
1230 1578 1292 1619 non

93 1661 272 1736 potuerunt.
298 1653 412 1717 eodem
426 1653 521 1716 modo
535 1678 553 1713 v
569 1676 809 1738 nonnumquam
825 1679 844 1718 a
853 1663 885 1714 V
896 1658 940 1719 ita
954 1655 1124 1740 discrepat,
1137 1667 1174 1721 ut
1186 1659 1291 1737 scriba

200 1848 219 1911 ¹)
239 1847 359 1897 Credidit
377 1854 467 1896 autem
487 1847 676 1912 Kiesslingius,
695 1850 742 1912 qui
760 1865 785 1913 p.
806 1849 872 1898 VIII
890 1849 958 1898 haee
976 1850 1071 1900 habet:
1096 1847 1165 1916 ‘ipse
1184 1868 1251 1902 vero
1269 1859 1290 1903 T

93 1934 197 1983 mendis
216 1935 346 1996 scatebat,
366 1950 435 1999 quae
454 1936 654 1984 recentissimus
673 1934 775 1984 saeculi
787 1936 851 1984 XVI
871 1943 1005 1986 corrector
1024 1940 1061 1999 (v)
1081 1937 1178 1987 tollere
1197 1941 1289 1990 sedulo

93 2029 207 2069 conatus
226 2027 274 2070 est.
298 2022 345 2070 has
369 2028 543 2082 correcturas,
567 2021 664 2085 quibus
690 2022 839 2092 innumeris
862 2022 919 2070 sere
942 2022 1008 2072 locis
1033 2039 1070 2072 ex
1094 2027 1290 2076 coniectura

92 2110 213 2173 genuina
232 2108 351 2158 Senecae
374 2109 505 2172 scriptura
527 2111 653 2157 restItuta
676 2114 724 2169 est,
749 2109 875 2158 Schottus
899 2109 954 2159 fere
979 2125 1071 2159 omnes
1095 2112 1123 2159 in
1146 2112 1289 2162 verborum

93 2195 213 2245 ordinem
233 2193 350 2260 recepit’.

198 2282 218 2342 ²)
243 2284 398 2344 BursIanus,
421 2288 561 2346 postquam
582 2282 700 2331 codicem
720 2297 738 2332 v
763 2298 796 2331 ex
819 2290 926 2332 vetusto
950 2284 1018 2332 libro
1044 2285 1208 2348 descriptum
1234 2301 1289 2336 esse

91 2369 169 2424 dixit,
188 2369 254 2419 haec
272 2370 374 2419 addidit
394 2386 418 2433 p.
438 2369 514 2417 XVI:
534 2365 687 2418 ‘Vetustum
706 2376 796 2418 autem
816 2369 884 2419 illud
904 2371 1049 2434 exemplar,
1074 2372 1146 2435 quod
1166 2380 1215 2421 aut
1234 2375 1288 2438 ipse

92 2456 176 2505 codex
193 2462 216 2504 B
229 2457 289 2518 fuit,
308 2472 388 2522 quem
407 2455 470 2504 olim
485 2454 621 2504 Cusanum
635 2456 717 2505 fuisse
732 2457 889 2519 supradixi,
909 2463 956 2505 ant
968 2457 1038 2506 alius
1050 2457 1114 2506 hnic
1127 2459 1287 2521 simillimus,

92 2548 157 2594 satis
175 2543 290 2594 fidelIter
303 2544 464 2608 expressisse
482 2542 589 2592 videtur
601 2542 734 2605 librarius,
753 2558 833 2608 saepe
853 2545 1014 2593 coniecturis
1027 2545 1083 2592 suis
1095 2560 1176 2609 supra
1189 2545 1287 2596 liueam

92 2634 197 2697 positis:
222 2632 325 2681 Graeca
344 2629 435 2694 qualia
452 2631 559 2678 invenit
577 2630 725 2695 descripsit,
744 2630 840 2679 litteris
860 2635 951 2679 tamen
970 2630 1128 2679 minusculis
1146 2632 1176 2679 in
1199 2632 1287 2682 locum

93 2718 302 2768 maiusculorum
322 2719 380 2779 (cie)
399 2717 557 2778 substitutis,
576 2716 651 2766 velut
669 2733 738 2766 snas.
761 2722 782 2779 1,
800 2721 815 2765 6
836 2717 873 2782 (p.
892 2719 951 2778 525,
970 2718 996 2782 3)
1016 2720 1054 2767 ita
1073 2717 1195 2767 exhibet:
1219 2735 1288 2784 κυριο

92 2805 162 2862 οζευο
179 2820 201 2852 τι
221 2801 393 2869 ιγα),ηιερασου
408 2819 459 2869 repa
472 2819 516 2850 σου
531 2801 655 2870 οεμεληγα
669 2800 855 2871 προιρογειχεν.’
869 2804 939 2853 hane
957 2806 1116 2854 sententiam
1135 2819 1286 2869 perversam

91 2906 151 2941 esse
170 2890 324 2939 Fridericns
342 2890 434 2939 Haase
453 2893 532 2939 certis
550 2891 716 2955 argumentis
733 2891 926 2940 demonstravit
945 2890 1007 2954 (Lit.
1022 2874 1204 2940 Centralblatt
1224 2894 1287 2942 1858

91 2996 116 3043 p.
131 2977 184 3038 73).
204 2983 340 3026 erraverat
353 2983 443 3026 autem
457 2978 612 3039 Bursianus‚
632 2979 695 3042 qnia
708 2977 827 3026 codicem
842 2978 928 3027 obiter
947 2979 1112 3043 inspexerat3
1132 2992 1195 3027 narn
1209 2981 1233 3028 si
1245 2979 1286 3029 vel

91 3066 175 3115 solam
195 3067 307 3130 primam
328 3066 386 3113 eius
404 3066 529 3129 paginam
549 3070 674 3114 accurate
694 3064 860 3126 contulisset,
880 3067 1001 3114 novitate
1020 3081 1052 3114 ac
1070 3064 1201 3115 miraculo
1221 3071 1287 3116 atto·

91 3155 163 3202 nitus
183 3159 209 3202 et
227 3152 261 3201 de
281 3153 384 3216 origine
404 3157 431 3200 et
450 3151 482 3200 de
500 3153 661 3200 auctoritate
685 3151 784 3200 codicis
802 3165 821 3201 υ
840 3150 924 3200 aliter.
937 3152 1090 3201 iudicasset.
1110 3153 1197 3202 tribus
1216 3154 1286 3203 enim

90 3241 303 3306 primisprimas
322 3240 457 3288 suasoriae
480 3238 654 3303 paragraphis
677 3238 728 3286 hae
753 3244 843 3287 rectae
867 3238 998 3287 lectiones
1021 3239 1050 3286 in
1068 3252 1086 3287 v
1110 3239 1288 3290 inveniuntur

91 3330 171 3392 (quae
191 3328 219 3375 in
237 3332 260 3374 B
279 3327 441 3391 depravatae
461 3328 546 3388 suntJ:
566 3327 784 3398 terras-ultraque
803 3353 835 3361 -
848 3342 941 3373 acuam
960 3353 992 3361 -
1005 3326 1087 3388 ‚facile
1105 3328 1157 3374 lata
1176 3353 1209 3362 -
1229 3326 1287 3392 defl-

89 3417 178 3462 clevatis
196 3440 228 3447 -
241 3414 344 3478 flparae
358 3441 389 3448 —
403 3429 467 3475 quae
485 3439 517 3448 -
536 3415 575 3460 ito
593 3418 628 3461 eat
647 3439 678 3447 —
697 3429 804 3462 oceanus
818 3418 878 3476 post
897 3439 929 3447 —
948 3418 970 3460 te
989 3417 1046 3460 tuus
1064 3439 1098 3446 —
1116 3428 1168 3473 quo
1186 3414 1244 3462 licet
1257 3440 1286 3450 -

88 3517 181 3564 operae
199 3506 235 3549 est
253 3499 340 3549 adesce
359 3498 452 3563 (sicin
471 3499 511 3547 ed.
531 3499 619 3563 Burs.)
639 3526 670 3533 —
690 3502 792 3547 terrani
810 3526 842 3534 —
863 3497 976 3547 desirrere
995 3525 1028 3532 -
1047 3514 1115 3546 nuuc
1134 3524 1165 3532 —
1186 3498 1287 3550 horridi

91 3613 122 3620 -
141 3603 192 3633 noa
209 3589 271 3650 iupa
289 3588 370 3634 uictor
389 3612 421 3620 —
441 3587 577 3634 calcaverit
597 3612 628 3620 —
644 3589 816 3649 experteuttae
829 3611 861 3618 —
875 3589 950 3634 totitas
963 3611 994 3620 -
1008 3589 1179 3632 testantur-
1193 3602 1288 3650 quoque

88 3689 162 3721 saum
182 3697 213 3706 -
232 3675 321 3736 spatia
340 3700 370 3707 -
385 3673 553 3734 fluctibusque
571 3675 678 3721 saeuiat.
697 3686 716 3721 υ
734 3686 823 3736 neque
852 3688 884 3721 ex
903 3677 926 3719 B
950 3685 1039 3734 neque
1063 3686 1095 3719 ex
1119 3670 1214 3721 codice
1238 3669 1286 3722 ‘illi

88 3756 234 3807 simillimo'
254 3757 411 3822 descriptus,
430 3759 478 3808 sed
495 3775 529 3808 ex
547 3758 641 3808 eadem
660 3761 742 3823 stirpe
761 3774 792 3808 ac
810 3763 837 3806 V
856 3766 929 3807 ortus
949 3765 996 3806 est.
