2760 4110
562 163 775 215 PRAEFATIO.
1141 153 1265 212 XXXV

66 317 141 382 320.
165 355 211 366 -
233 318 355 402 Restat,
378 327 414 382 ut
435 320 496 384 tria
520 340 776 384 commemorem.
800 323 939 405 primum
954 323 988 384 in
1001 320 1169 386 vocabulis
1185 343 1268 385 com·

66 423 177 507 positis
201 421 461 486 assimilationem
483 424 763 508 praepositionum,
788 447 885 510 quam
907 447 993 489 nunc
1015 447 1179 508 vocamus,
1207 447 1268 488 nec

64 527 230 611 sprevisse
252 548 314 590 nec
337 526 506 611 amplexus
529 549 601 590 csse
616 529 751 612 scriptor
772 527 911 611 videtur,
935 539 967 593 et
990 527 1144 593 credibile
1167 538 1269 592 estut

64 631 146 694 alios
179 631 349 715 scriptores
379 633 424 695 ita
454 629 613 696 Senecam
643 631 706 695 hae
735 633 769 695 in
798 655 833 696 re
864 633 993 717 ingenio
1015 631 1184 696 indulsisse
1206 654 1268 696 nec

63 732 334 798 consuetudinem
364 756 455 798 suam
479 732 608 798 dicendi
640 734 866 822 scribendique
896 736 940 800 ad
971 745 1093 800 certam
1122 736 1268 821 regulam

65 837 247 902 derexisse.
273 847 468 923 quapropter
491 840 726 903 consentientes
747 839 846 903 libros
868 847 928 902 AB
951 839 1054 904 codici
1078 849 1109 902 V
1126 840 1268 924 solivago

62 952 165 1027 atque
182 943 279 1006 etiam
302 942 558 1026 conspirantibus
582 941 746 1007 codicibus
770 951 838 1005 VM
860 947 1043 1028 praeposui3
1066 944 1122 1008 ubi
1150 943 1268 1008 dissen-

61 1046 201 1130 tiebant,
227 1045 428 1131 disceptandi
450 1046 617 1112 arbitrium
640 1046 683 1111 ad
705 1054 738 1108 V
758 1047 812 1110 vel
835 1055 903 1110 VM
925 1047 1068 1116 delatum
1088 1059 1144 1113 est.
1168 1071 1269 1113 unum

63 1149 192 1233 adfero,
216 1149 304 1234 quod
319 1152 458 1234 cuipiam
482 1149 713 1215 dubitationem
736 1160 879 1215 moveat:
902 1152 936 1214 in
958 1160 994 1214 Η
1015 1173 1267 1236 nonnumquam,

64 1256 100 1318 in
113 1263 172 1317 ΔΒ
195 1275 337 1338 perraro,
360 1256 515 1338 seriptum
537 1256 699 1319 invenitur
720 1254 849 1335 adtuli,
871 1254 930 1318 sed
953 1255 1037 1320 hanc
1060 1255 1197 1320 formam
1211 1277 1268 1340 pro

63 1359 211 1442 antiqua,
240 1379 323 1442 quae
352 1359 464 1443 paucis
494 1358 555 1422 illis
578 1357 666 1441 locis,
690 1359 805 1444 quibus
828 1359 955 1444 legitur,
979 1361 1101 1424 servari
1125 1359 1267 1444 deberet,

64 1484 135 1526 non
167 1461 354 1527 habendam
383 1484 455 1526 esse
481 1458 636 1528 iudicavi:
667 1484 724 1547 pro
747 1473 782 1526 at
805 1466 890 1528 enim
916 1465 950 1527 in
980 1472 1043 1526 ΟΜ
1072 1465 1268 1529 sescentiens

63 1565 113 1629 ad
137 1567 291 1651 scriptum
314 1577 370 1631 est.
396 1565 513 1630 deinde
530 1569 702 1653 quaeritur,
726 1577 833 1631 utrum
855 1569 888 1631 in
903 1567 1070 1632 vocabulis
1087 1569 1268 1653 compositis

64 1680 141 1756 post
169 1672 437 1755 praepositionem
467 1691 506 1733 erc
527 1670 634 1735 littera
656 1692 671 1733 a
695 1670 868 1735 scribenda
898 1693 941 1734 an
964 1670 1139 1735 omittenda
1161 1672 1209 1735 sit.
1242 1673 1268 1735 si

63 1775 166 1838 libros
186 1777 383 1860 respicimus,
403 1777 531 1839 omnino
548 1774 722 1839 omittenda
745 1784 807 1857 est,
832 1785 919 1839 certe
941 1786 1016 1839 ante
1034 1775 1175 1839 litteram
1197 1797 1269 1840 con·

63 1888 246 1961 sonantem,
278 1901 361 1964 quae
390 1889 534 1962 vocatur,
567 1881 729 1943 rarissime
758 1881 792 1943 in
823 1888 859 1962 0,
889 1901 961 1943 raro
984 1881 1017 1942 in
1040 1887 1076 1941 Η
1097 1881 1266 1944 invenitur.

64 1983 209 2069 denique
232 1985 397 2047 nominum
418 1985 452 2046 in
474 1983 528 2046 ius
551 1983 604 2046 vel
627 1983 698 2046 ium
721 1985 917 2066 exeuntium,
940 1985 1082 2047 maxime
1105 1985 1269 2047 nominum

64 2089 283 2173 propriorum,
323 2089 464 2172 genetivi
499 2089 533 2151 in
562 2095 591 2147 V
627 2090 673 2152 ita
705 2087 773 2151 fere
808 2090 916 2172 scripti
947 2097 1030 2171 sunt,
1065 2098 1100 2152 ut
1128 2087 1269 2152 ilittera

64 2193 234 2276 geminata
248 2193 297 2274 sit,
321 2194 355 2255 in
370 2200 429 2253 AB
451 2213 524 2256 raro
540 2193 631 2256 item:
654 2192 712 2255 hos
729 2201 857 2256 secutus
881 2214 969 2275 sum,
992 2191 1050 2255 sed
1074 2213 1269 2276 quamquam

64 2296 139 2360 fieri
169 2297 310 2381 potuisse
342 2295 449 2378 credo,
477 2305 513 2360 ut
536 2295 605 2360 stilo
635 2296 806 2360 festinante
837 2299 972 2381 scriptor
1001 2306 1136 2381 utraque
1166 2295 1269 2359 forma

63 2409 221 2482 uteretur,
250 2409 359 2465 tamen
388 2400 422 2463 in
445 2399 630 2464 adferendis
658 2400 821 2465 rhetorum
848 2399 1039 2483 nominibuS,
1071 2422 1153 2485 quae
1178 2401 1268 2484 quasi

63 2504 228 2577 lemmatis
247 2504 317 2568 loco
333 2513 408 2569 ante
431 2506 604 2570 sententias
628 2503 669 2568 ab
686 2506 762 2590 ipsis
786 2504 888 2569 dictas
911 2504 1122 2589 ponebantur,
1147 2513 1269 2567 certam

65 2607 236 2694 quandam
250 2608 397 2693 regulam
411 2608 453 2673 ab
470 2630 508 2672 eo
525 2608 729 2673 observatam
746 2632 816 2673 esse
829 2609 869 2673 ob
883 2631 956 2673 eam
968 2630 1099 2672 causam
1110 2605 1188 2671 mihi
1199 2629 1268 2691 per·

63 2714 164 2795 suasi,
182 2711 268 2797 quod
283 2735 349 2776 non
363 2712 550 2798 frequenter
564 2714 598 2776 in
610 2722 670 2776 AB
687 2712 808 2798 duplex
824 2713 838 2776 i
854 2714 992 2777 occurrit
1007 2722 1039 2776 et
1051 2713 1157 2797 ipsum
1172 2712 1269 2797 scrip-

61 2828 171 2881 torem
183 2815 226 2879 ad
236 2816 324 2880 locos
335 2825 402 2880 tam
413 2818 556 2901 insignes
572 2818 715 2881 animum
729 2816 905 2881 attendisse
918 2826 1168 2880 consentaneum
1180 2825 1236 2880 est.
1245 2815 1268 2902 ¹)

173 2919 226 2984 Dc
250 2919 415 2984 codicibus
445 2920 616 3003 hactenus3
646 2923 741 2984 venio
772 2919 815 2985 ad
837 2920 1001 2984 editiones.
1033 2943 1169 3006 quarum
1195 2943 1269 2984 cum

63 3034 261 3109 conspectus
284 3026 318 3088 in
332 3023 475 3088 Fabricii
497 3023 693 3088 bibliotheca
716 3025 834 3088 Latina
856 3025 890 3088 Π
914 3023 1051 3110 9(idem
1072 3027 1106 3088 in
1130 3023 1268 3088 editione

62 3128 254 3214 Bipontina)
279 3130 366 3192 etin
387 3127 603 3215 Bernhardyi,
626 3128 774 3192 Teuffelii
802 3128 998 3213 aliorumque
1021 3126 1120 3211 libris,
1149 3130 1202 3212 qui
1225 3127 1268 3191 ad

63 3233 233 3298 historiam
254 3232 431 3297 litterarum
452 3233 644 3297 Latinarum
662 3235 831 3318 pertinent,
855 3234 1033 3317 propositus
1049 3233 1097 3314 sit,
1122 3230 1268 3295 hocloco

175 3424 195 3486 ¹)
218 3424 281 3474 Huc
300 3423 421 3489 quadrat,
444 3424 517 3489 qnod
538 3430 603 3476 ante
625 3427 773 3476 sententias
797 3427 946 3491 propositas
969 3424 1087 3475 secundo
1112 3439 1177 3474 casu
1200 3422 1268 3488 Alfir',

65 3511 156 3572 Oestii,
184 3510 275 3572 Clodii,
293 3510 408 3573 Haterii,
432 3512 558 3577 Pompeii,
577 3513 674 3574 Porcii,
693 3512 824 3574 Romanii,
848 3511 964 3578 &aaa
989 3512 1073 3574 Vallis,
1097 3511 1174 3563 Varii
1192 3510 1268 3562 nullo

62 3599 128 3648 loco
145 3597 247 3647 dictum
260 3603 309 3661 eet,
321 3614 354 3649 ac
365 3597 530 3663 reliquorum
548 3601 688 3650 nominum
706 3601 873 3665 propriorum
892 3600 1013 3665 genetivi
1029 3600 1058 3648 in
1075 3601 1096 3649 ii
1115 3599 1269 3650 desinentes

63 3689 95 3736 in
119 3686 267 3750 posteriore
294 3686 382 3752 operis
401 3684 543 3736 Annaeani
567 3691 642 3752 parte
664 3702 724 3736 raro
745 3686 996 3751 deprehenduntur,
1017 3686 1057 3735 ita
1077 3690 1108 3736 ut
1129 3685 1267 3736 librarium

61 3775 145 3824 initio
164 3772 363 3839 neglegentias,
381 3779 475 3840 postea
494 3774 651 3840 diligentius
670 3775 809 3840 archetypi
822 3774 937 3840 vestigia
955 3778 1079 3824 secutum
1092 3787 1152 3824 esse
1167 3773 1268 3824 credas.
