2760 4110
87 154 154 218 616

122 331 182 391 365,
202 333 229 392 1,
253 332 312 379 eius
331 345 436 380 515155
455 330 585 382 Cicerone
603 331 660 381 lau·

121 416 186 466 data
198 422 239 466 est
253 418 312 478 560,
324 418 347 466 3.

86 500 214 554 Porcius
228 502 276 564 (M.
289 503 403 553 Porcius
416 503 510 568 Latro.)
523 502 661 569 Hispanus

122 592 151 652 9,
171 592 215 654 17,
236 592 267 639 'in
290 591 402 640 Marulli
425 591 517 640 schola
540 592 659 642 ordinem

112 677 200 726 duxit
220 680 260 739 15,
274 679 303 738 5,
323 677 523 742 condiscipulus
542 678 661 729 Senecae

121 764 193 828 apud
217 764 365 813 Marullum
396 767 441 826 13,
466 766 513 825 14,
539 764 661 815 Senecae

123 852 275 901 carissimus
304 851 403 901 sodalis
424 852 454 912 8,
475 854 487 899 1
513 851 600 915 (meus
622 854 661 913 12,

123 941 147 989 6.
172 942 216 1000 13,
238 941 277 989 14.
303 940 348 999 15,
367 940 406 1003 4),
433 955 480 1004 515
499 939 662 1003 Pythodoro,

122 1040 168 1076 reo
186 1025 335 1087 Messalae,
355 1027 502 1075 orationem
522 1027 662 1076 disertissi-

123 1129 194 1163 mam
221 1113 346 1163 recitavit
377 1118 459 1178 atque
487 1114 662 1178 compositam

122 1214 210 1264 aeque
233 1201 380 1249 suasoriam
404 1200 437 1249 de
456 1199 595 1249 'l'lreodoto
618 1200 662 1249 de·

123 1285 252 1337 clamavit
265 1301 313 1352 per
326 1286 443 1335 triduum
460 1288 517 1348 156,
530 1289 560 1350 5,
572 1301 662 1336 suaso·

122 1375 190 1423 riam
200 1374 234 1423 de
244 1388 379 1423 armorum
389 1373 490 1422 iudicio
501 1373 663 1423 declamavit

127 1463 186 1523 133,
207 1463 251 1522 15,
272 1462 480 1510 55511515151515
501 1461 664 1511 declamavit

125 1548 239 1599 Caesare
251 1548 375 1612 Augusto
393 1553 421 1597 et
437 1547 472 1596 M.
487 1548 605 1614 Agrippa
617 1563 663 1598 au-

125 1636 268 1697 dientibus,
288 1651 342 1700 qua
354 1637 382 1684 in
401 1634 597 1684 declamatione
610 1635 662 1685 Au-

124 1729 232 1788 gustum
257 1722 373 1772 offendit
398 1724 459 1784 159,
484 1723 507 1771 5.
535 1724 596 1783 160,
617 1725 662 1783 10;

124 1826 183 1859 curu
202 1825 250 1873 pro
263 1810 361 1858 Porcio
373 1809 493 1870 Rustico,
512 1810 663 1874 propinquo

124 1913 180 1958 suo,
199 1897 308 1956 diceret,
326 1911 411 1961 usque
429 1910 461 1945 eo
474 1901 515 1945 551
528 1896 663 1958 confusus,

123 1989 153 2032 111
172 1998 188 2031 5
200 1982 358 2032 soloecismo
379 1984 518 2047 inciperet,
537 1997 587 2032 nec
600 1988 664 2032 ante

124 2071 211 2136 potuit
230 2068 381 2127 confirmari
403 2085 483 2133 quam
500 2071 663 2134 impetravit,

124 2163 154 2207 ut
177 2156 306 2204 iudicium
332 2170 364 2203 ex
388 2155 444 2204 foro
472 2158 501 2204 in
525 2155 662 2205 basilicam

124 2245 313 2293 transferretur
332 2244 395 2303 371,
417 2245 460 2304 16,
485 2248 605 2292 1115115115
622 2249 663 2292 551

124 2335 187 2381 5515
207 2330 336 2380 Senecam
361 2331 390 2390 8,
408 2331 437 2391 2,
463 2331 520 2378 eius
544 2344 663 2378 summus

124 2424 228 2468 amator
246 2417 298 2466 fuit
315 2417 433 2466 Plancus
445 2418 487 2477 90,
501 2418 529 2479 6,
548 2417 606 2465 5155
618 2416 663 2464 ad-

125 2507 234 2554 mirator
250 2504 302 2553 fuit
315 2504 436 2565 Ovidius,
454 2518 515 2551 cum
529 2502 662 2552 diversum

126 2596 284 2656 sequeretur
303 2590 410 2640 dicendi
428 2604 514 2656 genus
535 2591 597 2651 133,
618 2592 663 2653 10,

125 2679 193 2728 adeo
216 2677 335 2726 studiose
359 2692 420 2726 eum
440 2675 552 2725 Ovidius
570 2677 663 2738 audiit,

125 2770 157 2814 ut
169 2764 268 2813 multas
287 2765 346 2812 eius
365 2764 512 2812 sententias
531 2765 559 2811 in
572 2777 664 2812 versus

127 2868 188 2902 5555
201 2850 369 2900 transtulerit
384 2851 441 2910 133,
456 2851 500 2913 133
520 2851 578 2898 eius
590 2849 664 2900 audi-

127 2943 169 2988 tor
187 2938 239 2987 fuit
251 2937 397 2986 Arbronius
411 2936 466 2985 Silo
479 2939 538 2998 544,
552 2939 580 2998 3,
600 2939 664 2986 item

127 3025 223 3074 Florus
243 3025 306 3084 392,
324 3025 354 3085 8,
377 3024 435 3071 5155
452 3024 563 3073 vivendi
582 3029 609 3073 et
627 3024 665 3072 di·

128 3112 206 3162 cendi
225 3112 293 3160 15115
313 3110 472 3158 describitur
485 3112 509 3171 8,
522 3113 604 3175 4555.
625 3113 665 3172 12,

131 3201 160 3247 12
171 3214 226 3262 seq.
237 3198 331 3258 234,3;
341 3212 396 3246 non
406 3198 431 3245 ei
440 3212 498 3246 mos
507 3204 565 3247 erat
574 3212 665 3262 quem-

129 3301 210 3350 quam
232 3285 325 3334 audire
344 3282 555 3348 11551515551515,
574 3284 666 3334 ,115515-

130 3372 220 3421 mabat
233 3373 290 3435 ipse
303 3376 407 3419 tantum
422 3376 450 3419 et
468 3371 558 3420 aiebat
570 3386 598 3420 se
611 3387 666 3420 non

130 3474 188 3508 5555
201 3460 365 3522 magistrum,
378 3459 424 3507 sed
439 3457 602 3523 exemplum3
616 3474 667 3508 nec

130 3545 181 3594 ulli
199 3544 247 3593 alii
266 3546 379 3609 contigit
398 3560 478 3609 quam
496 3546 567 3609 apud
586 3545 666 3595 Grae·

131 3647 175 3681 cos
194 3631 292 3691 Niceti,
311 3631 382 3695 apud
395 3631 530 3681 Romanos
548 3634 667 3693 Latroni,

131 3726 161 3767 ut
174 3718 298 3783 discipuli
311 3734 365 3767 non
378 3718 464 3767 audiri
477 3719 667 3780 desiderarent,

123 3806 173 3858 sed
195 3809 320 3860 contenti
347 3812 439 3861 essent
462 3806 565 3860 audire.
593 3807 672 3857 initio

693 3550 705 3862 l

626 175 750 226 INDEX.

750 333 931 384 contumeliae
958 350 1041 386 causa
1067 351 1084 386 a
1107 337 1285 389 deridentibus

749 419 874 485 discipuli
898 421 1024 471 Latronis
1048 424 1196 475 auditores
1218 442 1286 475 voca·

750 507 848 556 bantur
869 509 933 570 392,
956 511 984 569 9,
1012 524 1169 574 numquam
1193 512 1286 562 solebat

750 593 885 659 disputare
898 596 926 644 in
941 597 1068 646 convivio
1082 603 1134 646 aut
1145 597 1204 651 alio
1216 614 1288 665 quam

750 696 803 744 quo
817 680 967 731 declamare
979 688 1288 750 551515115515515455,

750 767 779 827 7,
797 769 826 816 15
843 769 958 831 5111111151
977 768 1198 820 declamatorum
1217 778 1287 822 tetra-

702 910 705 915 ,
750 854 829 903 11511111
848 854 1046 916 15151151454,
1066 858 1094 920 1,
1119 857 1149 906 111
1168 864 1289 922 quattuor

750 941 942 992 declamatores
959 944 1086 1006 quotiens
1099 945 1288 1007 conflixissent,

750 1043 833 1093 penes
843 1029 985 1078 Latronem
996 1028 1085 1094 gloria
1094 1030 1202 1093 fuisset,
1213 1046 1289 1097 penes

751 1114 902 1165 Gallionem
921 1115 1090 1180 5511115454,
1110 1119 1140 1176 2,
1168 1133 1231 1167 55111
1249 1119 1288 1168 de

751 1201 923 1251 clamatoriae
941 1203 1049 1251 virtutis
1070 1204 1187 1253 unicum
1207 1219 1287 1255 exem·

751 1287 825 1354 plum
844 1302 902 1338 esse
919 1287 987 1337 dixit
998 1288 1133 1339 Votienus
1146 1291 1289 1341 Montanus

752 1376 811 1436 371,
833 1377 873 1436 15,
897 1375 1037 1440 eleganter
1055 1376 1166 1427 dicebat
1189 1380 1246 1440 144,
1263 1380 1287 1438 3,

752 1462 810 1510 5155
838 1463 988 1511 5551551155
1017 1477 1125 1512 5515155
1152 1463 1287 1514 hominum

751 1549 927 1598 admiratione
951 1548 1214 1600 circumferebantur
1235 1553 1287 1611 465,

754 1638 781 1698 1,
805 1635 872 1683 dixit
893 1649 949 1684 rem
968 1634 1048 1685 ralde
1070 1635 1213 1695 laudatam
1235 1639 1288 1698 282,

754 1725 799 1786 15,
818 1721 932 1771 55155115
945 1722 1003 1771 5155
1021 1724 1159 1784 sententia
1172 1727 1234 1786 504,
1249 1728 1286 1785 16,

752 1807 880 1870 Messala,
904 1823 1044 1858 cumeum
1064 1809 1188 1861 audisset
1206 1809 1287 1861 decla·

752 1900 879 1956 mantem‚
892 1895 1031 1959 ingenium
1045 1897 1070 1944 ei
1083 1891 1228 1959 concessit,
1240 1912 1287 1947 ser·

752 1997 859 2032 monem
889 1982 988 2032 obiecit
1017 1984 1079 2044 156,
1107 1985 1137 2045 3,
1167 1989 1287 2048 55115515

752 2069 933 2118 iudicantibus
956 2068 1066 2119 Asinius
1093 2069 1198 2132 Pollio,
1223 2072 1286 2120 Mes·

752 2155 809 2204 sala
820 2155 959 2217 Corvinus,
969 2156 1114 2206 Passienus
1125 2158 1217 2207 minus
1224 2158 1287 2206 bene

752 2243 910 2292 videbantur
924 2242 1013 2291 dicere
1031 2257 1111 2306 quam
1126 2243 1234 2293 Cestius
1246 2250 1287 2292 aut

751 2331 833 2379 Latro
853 2331 911 2390 210,
925 2330 953 2389 9,
973 2329 1024 2378 1155
1037 2335 1095 2378 5151
1107 2331 1205 2394 utique
1218 2343 1286 2394 prae·

752 2421 858 2480 ceptum
865 2419 931 2478 eius,
941 2417 1073 2481 quaedam
1083 2416 1286 2465 declamatorem

752 2511 888 2567 tamquam
913 2511 1062 2568 praetorem
1085 2502 1175 2552 facere
1194 2503 1287 2552 debere

753 2590 914 2639 minuendae
926 2589 981 2638 litis
995 2591 1149 2650 55555334,
1163 2591 1191 2649 8,
1212 2589 1287 2639 Grae-

752 2693 798 2727 cos
825 2683 852 2726 et
876 2677 1066 2725 contemnebat
1096 2681 1123 2724 et
1152 2675 1287 2741 ignorabat

752 2767 816 2825 490,
840 2765 885 2825 18,
915 2777 1023 2812 5555515
1050 2763 1084 2811 ab
1117 2777 1150 2811 eo
1178 2762 1288 2811 Ovidius

716 2857 718 2860 ⁴
754 2851 1019 2910 1551551115551133,
1037 2850 1073 2898 15.
1096 2850 1195 2910 134,1,
1216 2848 1288 2912 Spar·

753 2954 798 2987 sus
816 2937 851 2985 ad
869 2938 1046 2986 imitationem
1065 2937 1124 2984 eius
1143 2935 1289 2985 5511515115·

754 3031 795 3074 rat
819 3028 978 3072 555155155
1000 3037 1128 3086 umquam
1152 3021 1249 3071 similis
1266 3021 1289 3069 51

754 3112 813 3172 11111,
834 3111 884 3159 5151
904 3126 964 3158 5551
988 3110 1081 3159 eadem
1101 3108 1217 3166 diceret;
1235 3112 1289 3156 ute·

754 3199 833 3247 batur
851 3197 906 3245 suis
925 3196 1021 3256 verbis,
1040 3195 1166 3244 Latronis
1185 3199 1288 3244 senten·

754 3286 869 3345 1115453,
884 3286 911 3343 6,
929 3285 957 3331 111
970 3283 1093 3332 Arbronii
1105 3296 1186 3331 versu
1199 3293 1291 3329 sensus

753 3373 811 3422 eius
829 3373 936 3435 agnitus
960 3376 1001 3419 est
1019 3372 1082 3431 544,
1101 3371 1129 3429 6,
1154 3367 1291 3432 Capitonis

755 3458 927 3518 declamatio,
951 3471 1021 3522 quae
1045 3460 1086 3506 est
1108 3456 1141 3504 de
1165 3453 1289 3518 Popillio,

755 3546 851 3593 misero
875 3544 988 3592 Latroni
1010 3543 1140 3592 subicitur
1163 3543 1227 3602 453,
1249 3542 1291 3597 13,

755 3636 851 3696 argute
879 3631 1016 3695 respondit
1039 3628 1156 3679 Marullo
1183 3629 1227 3688 13,
1249 3627 1291 3687 19,

756 3735 811 3767 555
839 3718 963 3782 51555111
985 3717 1114 3778 Fuscum,
1142 3715 1190 3780 qui
1212 3712 1292 3778 paulo

762 3807 884 3869 apertius
900 3804 999 3865 agebat
1012 3804 1077 3860 143,
1089 3806 1140 3863 16,
1152 3802 1293 3863 515151115-
