2760 4110
133 162 197 226 362
636 182 831 234 nxcnurrn
1187 200 1215 249 p.
1235 184 1289 235 aaa
1307 184 1341 234 u.

132 337 288 400 fecerant.
318 339 387 402 sine
411 360 448 402 eo
471 338 610 404 Phidian
637 361 695 403 nos
722 348 910 425 recepturos
936 340 1068 426 putatis,
1096 340 1166 403 sine
1192 360 1261 424 quo
1282 362 1342 404 vos

132 444 299 527 accepturi
330 465 395 507 non
424 443 552 508 histis?
584 444 857 509 commodavimus
885 447 939 530 qui
967 444 1077 508 faeere
1106 453 1223 530 posset
1251 444 1342 529 deos,

132 548 313 633 recepimus
335 550 390 633 qui
415 571 456 612 ne
479 548 616 614 adorare
632 549 763 634 quidem
785 551 893 636 possit.
925 571 990 614 non
1015 549 1118 635 pudet
1138 570 1201 613 vos
1226 550 1341 614 Iovem

132 650 252 714 debere
268 652 448 737 sacrilego?
465 663 611 739 superest
625 654 730 737 homo,
747 653 806 718 sed
821 653 939 719 artifex
953 654 1056 741 periit.
1083 675 1230 738 poenam
1245 654 1341 719 nobis

131 754 277 839 Phidiae,
300 778 364 820 non
383 757 522 822 Phidian
536 757 680 822 redditis.
704 780 829 843 manus,
853 781 936 843 quae
957 757 1102 823 solebant
1117 756 1199 821 deos
1216 758 1340 841 faeere,

131 883 217 924 nunc
240 884 281 925 ne
304 861 449 926 homines
472 863 602 948 quidem
624 886 739 949 rogare
762 876 905 950 possunt.
932 863 1029 928 talem
1050 863 1130 927 feeit
1150 862 1283 948 Iovem,
1305 876 1342 929 ut

130 964 191 1029 hoe
215 968 282 1029 eius
306 989 385 1052 opus
408 967 469 1031 Elii
493 990 564 1032 esse
586 968 733 1032 ultimum
754 968 882 1033 veilent.
912 989 1027 1033 manus
1044 967 1339 1051 commodavimus,

130 1093 243 1135 manus
266 1073 472 1157 reposcimus.
501 1072 591 1137 Elius
612 1084 660 1137 est
681 1076 781 1157 testiS,
804 1074 894 1137 Elius
910 1082 1088 1156 accusator,
1110 1072 1207 1136 Elius
1223 1074 1338 1156 iudex,

129 1175 336 1240 Atheniensis
356 1186 480 1241 tantum
502 1199 586 1241 reus.
613 1180 728 1241 invoco
753 1178 829 1242 deos
846 1188 877 1242 et
891 1177 972 1262 illos,
995 1198 1074 1263 quos
1093 1175 1171 1240 feeit
1187 1176 1337 1259 Phidias,

131 1290 162 1344 ct
184 1280 263 1364 illos,
287 1303 366 1366 quos
388 1282 497 1345 t'aeere
519 1283 629 1368 potuit.
657 1284 838 1367 recepimus
854 1281 1006 1346 Phidian:
1030 1280 1197 1364 confiteor,
1224 1284 1253 1345 si
1267 1304 1339 1368 pos·
1356 1308 1377 1353 ιι

131 1407 240 1448 sumus
265 1386 478 1449 commodare.

216 1490 297 1554 Pars
317 1489 425 1553 altera.
452 1490 634 1555 Habuimus
654 1514 768 1556 aurum
784 1490 858 1554 olim
874 1512 1011 1573 sacrum,
1026 1487 1222 1576 hatthuimus
1240 1491 1336 1571 ebur,

130 1616 242 1658 sacrae
259 1596 412 1658 materiae
432 1597 587 1659 artificem
604 1597 828 1681 quaesivimus
855 1594 1113 1680 disposueramus
1137 1594 1286 1681 quidem,
1303 1608 1337 1662 ut

129 1697 198 1762 aliis
222 1720 349 1783 quoque
371 1699 498 1786 templis
521 1701 692 1764 simulacra
714 1700 845 1764 Phidias
868 1700 999 1781 faceret,
1023 1698 1082 1762 sed
1097 1718 1164 1763 uon
1179 1710 1255 1765 erat
1270 1712 1337 1766 tam

129 1824 263 1866 neeesse
287 1824 401 1867 ornare
425 1804 502 1868 deos
526 1816 623 1890 quain
645 1804 820 1869 vindicare.
1353 1831 1378 1879 15

694 2050 753 2113 HI.

547 2207 695 2257 minuis
714 2207 752 2257 m
771 2207 909 2257 nvuvu.

258 2328 406 2390 Duorum
429 2329 582 2391 iuvenum
604 2337 696 2413 pater
718 2330 774 2392 uni
797 2350 933 2392 uxorem
957 2327 1054 2411 dedit,
1084 2350 1147 2413 quo
1170 2352 1246 2414 per-

215 2455 291 2516 egre
314 2433 457 2518 profecto
481 2432 628 2495 infamari
651 2434 756 2517 eoepit
778 2454 870 2495 socer
892 2434 926 2495 in
949 2455 1073 2518 nurum.
1105 2436 1246 2499 maritus

216 2559 365 2600 reversus
393 2536 531 2601 abduxit
552 2523 702 2600 ancillam
728 2539 839 2600 uxoris
863 2546 895 2601 et
917 2538 1014 2601 torsit.
1046 2537 1100 2601 illa
1121 2539 1156 2601 in
1178 2548 1245 2604 tor·
1354 2564 1367 2611 r

215 2643 330 2705 mentis
346 2644 448 2726 periit.
469 2644 602 2705 maritus
617 2643 749 2725 incerto,
766 2640 844 2726 quid
860 2643 1041 2727 quaesierit,
1053 2632 1092 2706 ¹se
1108 2663 1245 2728 suspen-

217 2745 271 2809 dit.
288 2748 425 2831 imperat
441 2747 532 2811 alteri
547 2746 612 2810 filio
627 2755 729 2833 pater,
744 2754 781 2809 ut
796 2746 932 2810 eandem
950 2746 1061 2830 ducat,
1078 2746 1244 2815 nolentem

214 2848 353 2914 abdicat.

215 3112 350 3184 ΜΡαβνρ
376 3118 389 3163 1
409 3114 499 3164 fidiam
518 3119 542 3163 0
561 3111 569 3182 ΗΗ
588 3117 603 3163 2
623 3120 760 3180 acceptam
780 3129 835 3163 uon
852 3115 928 3164 fuisti
946 3120 969 3163 P
987 3112 995 3182 ΗΗ
1014 3114 1268 3169 commendauimus
1285 3135 1331 3184 α,

128 3204 143 3248 3
159 3216 209 3250 nee
222 3202 308 3270 M³PQ
327 3199 335 3269 ΗΗ
353 3202 457 3251 adorari
470 3217 490 3252 α
508 3200 516 3268 Η
534 3197 656 3266 posset)b
674 3198 682 3268 Η
701 3204 716 3250 4
730 3200 835 3268 debere]
850 3202 961 3251 adorare
973 3207 996 3250 P
1015 3198 1023 3269 ΗΗ
1041 3208 1120 3267 perut
1131 3202 1174 3252 M¹
1186 3220 1256 3255 corr.
1270 3208 1337 3277 11³1,

128 3290 144 3337 5
158 3287 283 3355 Phidian]
298 3288 381 3338 fidian
398 3288 458 3339 rad.
471 3306 536 3339 corr.
550 3306 582 3339 ea
593 3288 684 3338 fidiam
697 3294 729 3336 Μ
746 3288 836 3338 tidiam
848 3294 893 3338 Pa
905 3286 913 3356 ΗΗ
926 3292 941 3339 6
955 3303 1006 3339 neo
1018 3304 1038 3339 α
1055 3287 1064 3357 ΗΗ
1081 3289 1204 3339 homines
1215 3308 1287 3344 corr.
1301 3314 1337 3347 ex

128 3376 249 3426 hemines
260 3379 327 3441 turp.
339 3393 353 3426 o
365 3376 594 3439 eliquationem
606 3374 614 3443 Η
627 3376 720 3443 facitp
734 3373 742 3443 Η
756 3383 784 3425 at
794 3377 835 3425 Μ1
847 3375 924 3440 (corr.
937 3377 992 3441 w)
1004 3382 1047 3445 Ρρ
1062 3373 1071 3443 ΗΗ
1085 3379 1099 3426 7
1113 3378 1171 3427 cius
1182 3382 1206 3426 P
1215 3376 1224 3443 Η
1239 3380 1280 3430 dii
1289 3397 1314 3433 α
1326 3382 1336 3451 Η

128 3464 144 3512 8
164 3463 233 3512 elius
251 3464 323 3526 (est)
340 3470 482 3513 aecusator
499 3468 542 3529 Ρρ
560 3460 569 3531 ΗΗ
587 3464 655 3513 elius
667 3464 739 3528 (est)
751 3464 864 3533 iudexp
882 3461 891 3531 ΗΗ
909 3466 924 3513 9
943 3464 1115 3515 athenienses
1127 3465 1169 3516 M¹
1182 3483 1251 3519 corr.
1264 3472 1313 3520 ΜΒ
1325 3470 1335 3539 Η

127 3567 180 3616 quo
193 3552 234 3600 Μ1
255 3565 321 3616 ques
334 3551 377 3600 M²
389 3568 453 3600 corr.
467 3552 511 3601 M³
528 3550 536 3608 ι’
556 3554 588 3601 10
607 3551 697 3600 fidiam
714 3556 759 3601 Pa
776 3548 784 3619 ΗΗ
806 3556 835 3601 11
855 3553 1042 3603 commendare
1055 3558 1077 3603 P
1096 3550 1104 3621 ΗΗ
1123 3555 1335 3619 repriorarem

126 3639 249 3688 habimus
267 3643 290 3687 P
312 3635 321 3705 ΗΗ
341 3640 372 3687 13
391 3638 500 3703 quidam
519 3643 543 3687 P
565 3636 573 3706 ΗΗ
600 3642 631 3688 15
650 3639 769 3689 iudicare
788 3645 831 3709 Ρρ
855 3636 863 3708 ΗΗ
889 3642 919 3688 17
939 3656 1009 3690 nuru
1031 3642 1069 3692 Ga
1091 3640 1100 3708 ΗΗ
1124 3644 1155 3690 19
1175 3644 1277 3711 eoepit]
1300 3661 1334 3711 νς

126 3728 198 3791 oepit
216 3727 244 3790 (e
261 3744 317 3792 sap.
331 3744 385 3776 roa.
397 3744 445 3776 aer.
457 3727 500 3793 M)
513 3731 537 3775 0
555 3722 564 3793 ΗΗ
582 3741 658 3777 socer
670 3744 717 3777 our.
731 3732 773 3797 Ρρ
785 3724 794 3792 Η
805 3729 895 3777 uirum
908 3733 939 3789 P,
953 3745 1022 3778 nuru
1038 3729 1076 3781 Ga
1094 3726 1102 3796 ΗΗ
1121 3730 1155 3777 20
1167 3743 1334 3785 reuersurus

116 3814 240 3864 Mlcoma
251 3810 327 3884 Μ3Η
344 3828 454 3866 uxorem
473 3829 496 3867 α
512 3812 521 3885 Η
539 3816 572 3865 21
592 3815 712 3866 incertus
731 3810 751 3865 λ
768 3812 779 3883 Η
795 3816 828 3865 22
847 3814 889 3883 utl
906 3817 944 3867 ite
961 3821 985 3865 P
1003 3814 1014 3883 ΗΗ
1030 3814 1153 3883 eandem]
1173 3830 1234 3867 eam
1254 3815 1277 3871 λ
