2760 4110
629 171 755 224 INDEX.

120 332 231 380 tissimis
249 329 313 379 viris
331 329 429 379 melius
442 328 580 380 Ciceronis
592 345 659 379 mor·

119 424 175 468 tem
194 416 344 482 deploravit
362 431 442 482 quam
460 415 601 466 Cornelius
615 415 659 465 Se-

120 520 200 555 verus
210 505 270 565 572,
282 505 326 567 17,
339 503 445 554 Sextilii
455 503 531 554 Enae
541 504 574 553 de
584 503 659 553 (lice-

120 593 193 642 ronis
223 591 418 658 proscriptione
447 592 601 641 recitationi
631 592 658 640 in

122 678 201 729 domo
231 678 365 729 Messalae
395 678 505 728 Corvini
536 677 659 727 interfuit

120 767 242 831 574,14;
261 780 369 815 versum
387 764 493 815 Sextilii
511 764 587 815 Euae
600 764 658 813 imi·

121 856 193 902 tatus
211 852 296 903 multo
314 852 453 902 meliorem
465 851 581 901 reddidit
599 853 659 913 574,

121 941 201 988 215.

176 1023 321 1076 Sententia:
338 1027 449 1087 572,19.

86 1109 247 1164 Cornelius
262 1113 304 1177 (L.
319 1111 460 1164 Cornelius
473 1111 549 1162 Sulla
561 1111 657 1176 Felix).

120 1199 153 1247 In
166 1214 198 1248 eo
209 1199 301 1251 deerat
313 1199 458 1250 clementia
473 1201 530 1260 153,
545 1201 589 1262 15,
602 1200 660 1248 5155

121 1285 266 1336 crudelitas
285 1287 344 1348 390,
360 1288 397 1336 10.

86 1368 268 1425 Coruncanii
287 1375 345 1436 116,
361 1375 399 1424 13.

87 1456 234 1511 Coruinus
252 1476 277 1510 v.
297 1459 429 1510 Valerius.

87 1542 201 1599 Corvus
219 1548 318 1610 rhetor,
337 1563 398 1598 cum
411 1554 572 1614 temperaret
584 1547 659 1596 scho-

121 1634 175 1685 lam
182 1635 293 1697 Romae,
303 1634 378 1685 Sosio
386 1633 549 1685 declamavit
556 1641 659 1684 contro·

122 1723 236 1772 versiam
249 1723 310 1785 545,
324 1723 352 1784 7,
371 1723 397 1771 ei
409 1723 592 1772 testimonium
606 1728 659 1771 stu·

120 1809 194 1874 poris
216 1808 383 1860 reddendum
407 1810 526 1869 551545,
548 1811 578 1871 5,
601 1822 659 1858 555-

121 1897 208 1947 tentia
226 1897 285 1946 eius
303 1895 572 1958 11115115151545,11.

179 1982 291 2033 Colores:
314 1984 374 2044 545,
388 1984 411 2033 6.
428 1985 466 2032 11.

88 2052 223 2121 Cranaos
242 2069 275 2119 cf.
294 2069 329 2119 ad
347 2071 389 2131 43,
403 2071 426 2118 2.

87 2151 215 2208 Crassus
234 2172 257 2206 v.
276 2157 405 2206 Licinius.

88 2238 202 2294 Craton
220 2245 425 2294 venustissimus
448 2243 528 2294 homo
551 2249 578 2293 et
600 2260 659 2308 pro·

121 2329 208 2379 fessus
234 2329 363 2392 Asianus,
391 2332 438 2395 qui
465 2330 566 2381 bellum
598 2346 659 2380 oum

122 2416 245 2466 omnibus
268 2417 365 2467 Atticis
392 2417 503 2483 gerebat
531 2418 590 2479 502,
615 2419 659 2477 10,

120 2503 259 2567 Augustus
277 2505 302 2552 ei
320 2503 453 2555 talentum
471 2505 581 2554 donavit
599 2505 658 2565 502,

124 2590 167 2652 12,
191 2589 328 2655 Augustus
351 2606 413 2641 eum
436 2606 584 2656 numquam
607 2591 659 2641 nisi

120 2691 213 2727 mense
244 2677 389 2728 Decembri
416 2678 502 2727 audiit
529 2679 593 2739 502,
615 2680 659 2740 14,

121 2761 155 2812 55
167 2763 290 2828 Augusto
308 2764 438 2814 Passieno
457 2764 660 2814 commendatus

121 2859 222 2901 estnec
233 2853 455 2915 5515511502,16,
466 2866 547 2916 saepe
556 2850 660 2900 solebat

120 2938 192 3002 apud
204 2938 354 3002 Augustum
366 2953 426 2987 oum
440 2939 588 3002 Timagene
598 2953 660 2986 oon·

120 3025 213 3090 fligere
231 3027 333 3090 503,1;
352 3024 481 3090 Glyconis
497 3026 659 3076 sententiam

120 3112 445 3174 1511551551515111111502,
459 3114 486 3170 9,
500 3112 559 3161 5155
572 3111 660 3162 faceto

120 3199 193 3250 dieta
205 3200 264 3261 502,
281 3200 318 3249 13.
335 3202 374 3249 15.
390 3199 434 3262 17,
450 3195 549 3265 Κράτων
562 3199 621 3260 502,
635 3197 658 3248 9.

176 3285 262 3336 Color:
280 3287 339 3349 502,
353 3288 376 3336 9.

87 3368 260 3425 Cremutius
273 3371 438 3437 (Cremutius
451 3372 564 3437 Cordus)
577 3372 659 3422 histo·

120 3461 191 3509 ricus
203 3461 263 3522 506,
275 3461 321 3524 20,
335 3460 452 3509 narratio
462 3461 521 3510 eius
531 3459 564 3509 de
574 3464 659 3509 morte

120 3545 259 3597 Ciceronis
282 3547 401 3609 56813,
425 3546 549 3597 Ciceroni
567 3545 658 3596 lauda·

120 3634 221 3684 tionem
240 3633 364 3696 reddidit,
383 3636 411 3683 in
430 3648 485 3700 qua
502 3632 570 3683 nihil
584 3633 659 3683 Cice-

119 3733 185 3770 rone
204 3719 315 3786 dignum
334 3722 507 3782 551570,19.

175 3805 333 3858 Sententiae.-
351 3808 464 3871 56313.
481 3809 521 3858 15.
541 3808 601 3872 571,
613 3809 637 3859 3.

1222 155 1287 222 599

714 325 806 381 Creta
824 331 964 394 provincia
976 331 1052 381 Occii
1069 330 1208 381 Flammae
1226 348 1286 398 pro·

749 416 866 466 consulis
884 420 944 480 411,
958 418 1000 468 20.

714 507 874 564 Cretenses
898 516 957 576 411,
978 514 1013 563 20
1035 514 1162 579 (Graeci).
1191 516 1251 576 412,
1271 517 1287 561 3

748 597 882 664 (Graeci),
901 615 958 650 mos
977 607 1017 650 551
1036 600 1145 651 barbam
1165 606 1192 650 et
1205 601 1286 667 capil-

747 685 804 735 lum
829 688 998 751 magistratui
1020 687 1190 737 Cretensium
1215 703 1285 737 sum-

748 774 855 824 mittere
874 776 934 835 411,
949 777 990 824 22.

714 865 839 934 Crispus
857 885 882 918 v.
902 869 1003 920 Catius.

714 960 842 1016 Croesus
864 964 911 1015 ille
935 967 1099 1031 1515115355
1118 965 1287 1032 opulentissi-

748 1066 806 1100 mus
836 1058 896 1117 post
925 1058 1002 1118 terga
1031 1053 1129 1103 vinctis
1162 1053 1286 1103 manibus

749 1137 844 1187 ductus
857 1146 897 1188 est
912 1140 969 1203 109,
985 1140 1028 1204 17,
1043 1141 1100 1190 eius
1113 1139 1183 1189 filius
1197 1145 1286 1189 mutus

749 1226 808 1287 317,
824 1226 863 1276 13.

715 1315 839 1371 Curtius
853 1321 899 1386 (Μ.
914 1320 1039 1385 Curtius).
1059 1321 1124 1371 Eine
1138 1339 1207 1372 rnors
1227 1323 1286 1385 304,

750 1409 773 1455 5.
789 1408 830 1456 20.

715 1499 861 1568 Cyclades
880 1504 994 1565 521511.

715 1593 842 1664 Cyclops
866 1605 1025 1650 excaecatus
1048 1615 1140 1650 saxum
1164 1602 1193 1650 in
1216 1615 1289 1650 mare

748 1687 841 1735 reiecit
859 1686 918 1749 aas,
931 1687 955 1737 1.

715 1775 902 1846 0155531155
929 1784 993 1845 374,
1015 1783 1039 1832 5.
1063 1784 1089 1845 7,
1123 1782 1289 1849 Cynaegiron

749 1868 808 1928 555,
823 1869 847 1918 8.

714 2055 824 2111 Damas
843 2073 935 2109 servus
954 2061 1069 2122 268,16.

714 2151 824 2207 Demus
844 2155 955 2220 (Damas
967 2155 1132 2221 Scombrus).
1150 2157 1216 2207 Eius
1229 2173 1289 2208 sen·

748 2243 860 2291 tentiam
879 2241 982 2307 aliquid
994 2245 1112 2309 corrupti
1130 2243 1229 2295 habere
1242 2244 1289 2294 Se·

749 2342 817 2378 neca
830 2329 966 2379 existimat
976 2330 1071 2393 55,12,
1086 2329 1215 2394 Glyconis
1229 2346 1288 2381 sen·

749 2418 860 2466 tentiam
880 2416 1076 2481 corruptissime
1095 2416 1162 2466 dixit
1180 2419 1240 2480 502,
1259 2418 1288 2482 8,

748 2503 851 2552 51111555
865 2502 1003 2563 1111111529,
1017 2505 1045 2565 4,
1063 2499 1147 2570 Δάμας
1161 2499 1287 2570 Σκόμβρος

749 2591 808 2649 451,
822 2591 845 2638 a.

804 2674 916 2725 Colores:
938 2678 981 2738 55,
1001 2678 1040 2725 11.
1067 2677 1124 2740 184,
1142 2680 1167 2726 5.
1190 2679 1250 2741 491,
1265 2679 1287 2726 9.

748 2763 808 2823 502,
822 2763 845 2812 8.
865 2764 924 2824 540,
940 2765 979 2812 12.

713 2846 927 2910 1155515441.

712 2932 881 2988 December
899 2937 997 2988 mensis
1015 2938 1075 2999 502,
1089 2940 1129 2988 15.

713 3019 800 3075 115511
817 3024 921 3088 imperii
934 3024 1049 3075 Romani
1062 3024 1159 3076 decora
1172 3025 1231 3087 385,
1246 3025 1286 3075 11.

713 3107 824 3161 11551115
844 3110 885 3174 (Ρ.
904 3110 1005 3161 Decius
1023 3110 1094 3176 Mus)
1114 3112 1173 3174 407,
1186 3113 1210 3162 9.

713 3194 888 3250 Deiotarus,
907 3197 975 3248 Bina
993 3213 1105 3263 1535515
1125 3200 1185 3260 504,
1198 3199 1222 3249 8.

712 3281 832 3336 11511155
851 3284 1026 3350 (1111511115)
1050 3299 1066 3334 a
1089 3283 1206 3336 Messala
1225 3283 1287 3334 Cor·

747 3373 810 3421 vino
830 3370 949 3422 desultor
965 3371 1097 3423 bellorum
1110 3371 1229 3423 civilium
1242 3386 1287 3421 vo-

748 3467 823 3508 catus
842 3465 891 3522 eut,
910 3459 973 3524 51115
992 3457 1164 3509 aDolabella
1177 3458 1211 3509 ad
1224 3458 1287 3509 Cas·

748 3547 816 3596 sinrn
830 3547 989 3596 transiturus
1002 3545 1115 3598 salntem
1129 3546 1178 3596 sibi
1192 3551 1288 3613 pactus

748 3639 797 3696 est,
810 3634 833 3682 si
845 3631 1017 3684 Dolabellam
1031 3633 1180 3694 occidisset,
1196 3647 1212 3683 5
1225 3632 1288 3683 055-

747 3722 786 3770 515
799 3720 896 3771 deinde
909 3722 1015 3772 transiit
1027 3720 1060 3771 ad
1073 3720 1227 3782 Antonium,
1242 3735 1287 3770 no·

748 3808 856 3859 11551155
883 3807 916 3858 ab
942 3807 1059 3858 Antonio
1084 3806 1231 3865 1155515311
1254 3805 1293 3853 cd
